
@misc{centerforhistoryandnewmediazotero,
  title = {Zotero {{Quick Start Guide}}},
  howpublished = {http://zotero.org/support/quick\_start\_guide},
  author = {{Center for History and New Media}}
}

@book{fischer2009curry,
  title = {Curry Mailing List},
  author = {Fischer, Sebastian and Christiansen, Jan},
  month = jul,
  year = {2009}
}

@book{pollard2009haskell,
  title = {Haskell Mailing List},
  author = {Pollard, George and Fischer, Sebastian and Sittampalam, Ganesh and Ingram, Ryan},
  month = jul,
  year = {2009}
}

@inproceedings{voigtlander2009free,
  title = {Free Theorems Involving Type Constructor Classes: Functional Pearl},
  volume = {44},
  booktitle = {{{ACM Sigplan Notices}}},
  publisher = {{ACM}},
  author = {Voigtl\"ander, Janis},
  year = {2009},
  keywords = {free theorems,monads,type classes,Haskell},
  pages = {173--184}
}

@article{bernardy2010parametricity,
  title = {Parametricity and {{Dependent Types}}},
  journal = {Sigplan Notices},
  author = {Bernardy, Jean-Philippe and Jansson, Patrik and Paterson, Ross},
  year = {2010},
  pages = {345--356}
}

@inproceedings{wadler1989theoremsa,
  title = {Theorems for Free!},
  booktitle = {Proceedings of the Fourth International Conference on {{Functional}} Programming Languages and Computer Architecture},
  publisher = {{ACM}},
  author = {Wadler, Philip},
  year = {1989},
  keywords = {free theorems,Haskell},
  pages = {347--359}
}

@inproceedings{bernholt1999football,
  title = {Football {{Elimination}} Is {{Hard}} to {{Decide Under}} the 3\textendash{{Point}}\textendash{{Rule}}},
  booktitle = {24th {{International Symposium}} on {{Mathematical Foundations}} of {{Computer Science}}},
  publisher = {{Universit\"at Dortmund}},
  author = {Bernholt, Thorsen and G\"ulich, Alexander and andNiels Schmitt, Thomas Hofmeister},
  year = {1999},
  pages = {410-418}
}

@phdthesis{thorsenbernholt2000anwendung,
  title = {Anwendung von {{Komplexit\"atstheorie}} Und {{Effizienten Algorithmen}} Auf Die {{Fu}}$\backslash$s Sballbundesliga},
  school = {Universit\"at Dortmund},
  author = {Thorsen Bernholt, Alexander G\"ulich},
  year = {2000}
}

@phdthesis{schmitt2000komplexitatstheoretische,
  title = {Komplexit\"atstheoretische Und Algorithmische {{Untersuchung}} Des {{Meisterschaftsproblems}}},
  school = {Universit\"at Dortmund},
  author = {Schmitt, Niels},
  year = {2000}
}

@inproceedings{antoy2011new,
  title = {New {{Functional Logic Design Patterns}}},
  abstract = {Patterns distill successful experience in solving common software problems. We introduce a handful of new software design patterns for functional logic languages. Some patterns are motivated by the evolution of the paradigm in the last 10 years. Following usual approaches, for each pattern we propose a name and we describe its intent, applicability, structure, consequences, etc. Our patterns deal with fundamental aspects of the design and implementation of functional logic programs such as function invocation, data structure representation and manipulation, specification-driven implementation, pattern matching, and non-determinism. We present some problems and we show fragments of programs that solve these problems using our patterns. The programming language of our examples is Curry. The complete programs are available on-line.},
  booktitle = {Proc.$\backslash$ of the 20th {{International Workshop}} on {{Functional}} and ({{Constraint}}) {{Logic Programming}} ({{WFLP}} 2011)},
  publisher = {{Springer LNCS 6816}},
  author = {Antoy, S. and Hanus, M.},
  year = {2011},
  pages = {19-34}
}

@article{antoy2004concurrent,
  title = {Concurrent {{Distinct Choices}}},
  volume = {14},
  abstract = {An injective finite mapping is an abstraction common to many programs. We describe the design of an injective finite mapping and its implementation in Curry, a functional logic language. Curry supports the concurrent asynchronous execution of distinct portions of a program. This condition prevents passing from one portion to another a structure containing a partially constructed mapping to ensure that a new choice does not violate the injectivity condition. We present some motivating problems and we show fragments of programs that solve these problems using our design and implementation.},
  number = {6},
  journal = {Journal of Functional Programming},
  author = {Antoy, S. and Hanus, M.},
  year = {2004},
  pages = {1-12}
}

@inproceedings{antoy2002functional,
  title = {Functional {{Logic Design Patterns}}},
  abstract = {We introduce a handful of software design patterns for functional logic languages. Following usual approaches, for each pattern we propose a name and we describe its intent, applicability, structure, consequences, etc. Our patterns deal with data type construction, identifier declarations, mappings, search, non-determinism and other fundamental aspects of the design and implementation of programs. We present some problems and we show fragments of programs that solve these problems using our patterns. The programming language of our examples is Curry. The complete programs are available on-line.},
  booktitle = {Proc.$\backslash$ of the 6th {{International Symposium}} on {{Functional}} and {{Logic Programming}} ({{FLOPS}} 2002)},
  publisher = {{Springer LNCS 2441}},
  author = {Antoy, S. and Hanus, M.},
  year = {2002},
  pages = {67-87}
}

@inproceedings{hurst2003cobweb,
  address = {Adelaide, Australia},
  series = {{{ACSC}} '03},
  title = {Cobweb: {{A Constraint}}-Based {{WEB Browser}}},
  isbn = {0-909925-94-1},
  booktitle = {Proceedings of the 26th {{Australasian Computer Science Conference}} - {{Volume}} 16},
  publisher = {{Australian Computer Society, Inc.}},
  author = {Hurst, Nathan and Marriott, Kim and Moulder, Peter},
  year = {2003},
  keywords = {adaptive documents,constraint-solving,layout,one-way constraints,web browser},
  pages = {247--254}
}

@inproceedings{badros1999constraint,
  address = {Asheville, North Carolina, USA},
  series = {{{UIST}} '99},
  title = {Constraint {{Cascading Style Sheets}} for the {{Web}}},
  isbn = {1-58113-075-9},
  doi = {10.1145/320719.322588},
  booktitle = {Proceedings of the 12th {{Annual ACM Symposium}} on {{User Interface Software}} and {{Technology}}},
  publisher = {{ACM}},
  author = {Badros, Greg J. and Borning, Alan and Marriott, Kim and Stuckey, Peter},
  year = {1999},
  keywords = {CCSS,CSS,Cassowary,HTML,cascading style sheets,constraints,page layout,style sheets,world wide web},
  pages = {73--82}
}

@article{badros2001cassowary,
  title = {The {{Cassowary Linear Arithmetic Constraint Solving Algorithm}}},
  volume = {8},
  issn = {1073-0516},
  doi = {10.1145/504704.504705},
  number = {4},
  journal = {ACM Trans. Comput.-Hum. Interact.},
  author = {Badros, Greg J. and Borning, Alan and Stuckey, Peter J.},
  month = dec,
  year = {2001},
  keywords = {Cassowary,constraints,constraint-solving toolkit,user interface},
  pages = {267--306}
}

@inproceedings{norell2009dependently,
  address = {Savannah, GA, USA},
  series = {{{TLDI}} '09},
  title = {Dependently {{Typed Programming}} in {{Agda}}},
  isbn = {978-1-60558-420-1},
  doi = {10.1145/1481861.1481862},
  booktitle = {Proceedings of the 4th {{International Workshop}} on {{Types}} in {{Language Design}} and {{Implementation}}},
  publisher = {{ACM}},
  author = {Norell, Ulf},
  year = {2009},
  keywords = {dependent types,programming},
  pages = {1--2}
}

@inproceedings{matsuda2007bidirectionalization,
  address = {Freiburg, Germany},
  series = {{{ICFP}} '07},
  title = {Bidirectionalization {{Transformation Based}} on {{Automatic Derivation}} of {{View Complement Functions}}},
  isbn = {978-1-59593-815-2},
  doi = {10.1145/1291151.1291162},
  booktitle = {Proceedings of the 12th {{ACM SIGPLAN International Conference}} on {{Functional Programming}}},
  publisher = {{ACM}},
  author = {Matsuda, Kazutaka and Hu, Zhenjiang and Nakano, Keisuke and Hamana, Makoto and Takeichi, Masato},
  year = {2007},
  keywords = {automatic program generation,bidirectional transformation,program inversion,program transformation,view updating},
  pages = {47--58}
}

@article{oconnor2011functor,
  title = {Functor Is to {{Lens}} as {{Applicative}} Is to {{Biplate}}: {{Introducing Multiplate}}},
  journal = {CoRR},
  author = {O'Connor, Russell},
  year = {2011}
}

@book{vanlaarhoven2009cpsbased,
  title = {{{CPS}}-Based {{Functional References}}},
  author = {{van Laarhoven}, Twan},
  month = may,
  year = {2009}
}

@book{vanlaarhoven2011isomorphism,
  title = {Isomorphism {{Lenses}}},
  author = {{van Laarhoven}, Twan},
  month = may,
  year = {2011}
}

@book{kmett2012lenses,
  title = {Lenses, {{Folds}} and {{Traversals}}},
  author = {Kmett, Edward},
  month = dec,
  year = {2012}
}

@article{gibbons2012relating,
  title = {Relating {{Algebraic}} and {{Coalgebraic Descriptions}} of {{Lenses}}.},
  volume = {49},
  journal = {ECEASST},
  author = {Gibbons, Jeremy and Johnson, Michael},
  year = {2012}
}

@inproceedings{hudak2007history,
  series = {{{HOPL III}}},
  title = {A {{History}} of {{Haskell}}: {{Being Lazy}} with {{Class}}},
  booktitle = {Proceedings of the {{Third ACM SIGPLAN Conference}} on {{History}} of {{Programming Languages}}},
  author = {Hudak, Paul and Hughes, John and Peyton Jones, Simon and Wadler, Philip},
  year = {2007},
  pages = {12-1--12-55}
}

@book{jones2002haskell,
  title = {Haskell 98 {{Language}} and {{Libraries}}: {{The Revised Report}}},
  publisher = {{http://haskell.org/}},
  editor = {Jones, Simon Peyton},
  month = sep,
  year = {2002},
  keywords = {functional-programming haskell}
}

@inproceedings{brassel2011kics2,
  address = {Odense, Denmark},
  series = {{{WFLP}} '11},
  title = {{{KiCS2}}: {{A New Compiler}} from {{Curry}} to {{Haskell}}},
  isbn = {978-3-642-22530-7},
  booktitle = {Proceedings of the 20th {{International Conference}} on {{Functional}} and {{Constraint Logic Programming}}},
  publisher = {{Springer-Verlag}},
  author = {Bra\ss{}el, Bernd and Hanus, Michael and Peem\"oller, Bj\"orn and Reck, Fabian},
  editor = {Kuchen, Herbert},
  year = {2011},
  pages = {1--18}
}

@inproceedings{fischer2014monadic,
  title = {Monadic {{Combinators}} for '{{Putback}}' {{Style Bidirectional Programming}}},
  booktitle = {{{PEPM}}},
  author = {Fischer, Sebastian and Pacheco, Hugo and {and}, Zhenjiang Hu},
  year = {2014},
  pages = {39-50}
}

@inproceedings{hu2014validity,
  title = {Validity {{Checking}} of {{Putback Transformations}} in {{Bidirectional Programming}}},
  booktitle = {{{FM}}},
  author = {Hu, Zhenjiang and Pacheco, Hugo and Fischer, Sebastian},
  year = {2014},
  pages = {1-15}
}

@techreport{fischer2012putback,
  title = {'{{Putback}}' Is the {{Essence}} of {{Bidirectional Programming}}},
  institution = {{National Institute of Informatics}},
  author = {Fischer, Sebastian and Pacheco, Hugo and Hu, Zhenjiang},
  year = {2012}
}

@article{foster2007combinators,
  title = {Combinators for {{Bidirectional Tree Transformations}}: {{A Linguistic Approach}} to the {{View}}-{{Update Problem}}},
  volume = {29},
  number = {3},
  journal = {ACM Trans. Program. Lang. Syst.},
  author = {Foster, J. Nathan and Greenwald, Michael B. and Moore, Jonathan T. and Pierce, Benjamin C. and Schmitt, Alan},
  year = {2007}
}

@article{rajkumar2013lenses,
  title = {Lenses for {{Web Data}}},
  volume = {57},
  journal = {ECEASST},
  author = {Rajkumar, Raghu and Foster, Nate and Lindley, Sam and Cheney, James},
  year = {2013}
}

@inproceedings{bohannon2008boomerang,
  title = {Boomerang: {{Resourceful Lenses}} for {{String Data}}},
  booktitle = {{{POPL}}},
  author = {Bohannon, Aaron and Foster, J. Nathan and Pierce, Benjamin C. and Pilkiewicz, Alexandre and Schmitt, Alan},
  year = {2008},
  pages = {407-419}
}

@techreport{mu2005bidirectionalising,
  title = {Bidirectionalising {{HaXML}}},
  institution = {{Citeseer}},
  author = {Mu, Shin-Cheng and Hu, Zhenjiang and Takeichi, Masato},
  year = {2005}
}

@inproceedings{bohannon2006relational,
  title = {Relational {{Lenses}}: {{A Language}} for {{Updatable Views}}},
  booktitle = {{{PODS}}},
  author = {Bohannon, Aaron and Pierce, Benjamin C. and Vaughan, Jeffrey A.},
  year = {2006},
  pages = {338-347}
}

@inproceedings{barbosa2010matching,
  title = {Matching {{Lenses}}: {{Alignment}} and {{View Update}}},
  booktitle = {{{ICFP}}},
  author = {Barbosa, Davi M. J. and Cretin, Julien and Foster, Nate and Greenberg, Michael and Pierce, Benjamin C.},
  year = {2010},
  pages = {193-204}
}

@inproceedings{foster2008quotient,
  title = {Quotient {{Lenses}}},
  booktitle = {{{ICFP}}},
  author = {Foster, J. Nathan and Pilkiewicz, Alexandre and Pierce, Benjamin C.},
  year = {2008},
  pages = {383-396}
}

@inproceedings{hofmann2012edit,
  title = {Edit {{Lenses}}},
  booktitle = {{{POPL}}},
  author = {Hofmann, Martin and Pierce, Benjamin C. and Wagner, Daniel},
  year = {2012},
  pages = {495-508}
}

@inproceedings{hofmann2011symmetric,
  title = {Symmetric Lenses},
  booktitle = {{{POPL}}},
  author = {Hofmann, Martin and Pierce, Benjamin C. and Wagner, Daniel},
  year = {2011},
  pages = {371-384}
}

@article{pacheco2012delta,
  title = {Delta {{Lenses}} over {{Inductive Types}}},
  volume = {49},
  journal = {ECEASST},
  author = {Pacheco, Hugo and Cunha, Alcino and Hu, Zhenjiang},
  year = {2012}
}

@article{pacheco2013composing,
  title = {Composing {{Least}}-{{Change Lenses}}},
  volume = {57},
  journal = {ECEASST},
  author = {Pacheco, Hugo and Cunha, Alcino and Macedo, Nuno and Oliveira, Jos\'e Nuno},
  year = {2013}
}

@inproceedings{diskin2010state,
  title = {From {{State}}- to {{Delta}}-{{Based Bidirectional Model Transformations}}},
  booktitle = {{{ICMT}}},
  author = {Diskin, Zinovy and Xiong, Yingfei and Czarnecki, Krzysztof},
  year = {2010},
  pages = {61-76}
}

@article{diskin2011state,
  title = {From {{State}}- to {{Delta}}-{{Based Bidirectional Model Transformations}}: The {{Asymmetric Case}}},
  volume = {10},
  journal = {Journal of Object Technology},
  author = {Diskin, Zinovy and Xiong, Yingfei and Czarnecki, Krzysztof},
  year = {2011},
  pages = {6: 1-25}
}

@inproceedings{diskin2011statea,
  title = {From {{State}}- to {{Delta}}-{{Based Bidirectional Model Transformations}}: {{The Symmetric Case}}},
  booktitle = {{{MoDELS}}},
  author = {Diskin, Zinovy and Xiong, Yingfei and Czarnecki, Krzysztof and Ehrig, Hartmut and Hermann, Frank and Orejas, Fernando},
  year = {2011},
  pages = {304-318}
}

@techreport{meertens1998designing,
  title = {Designing {{Constraint Maintainers}} for {{User Interaction}}},
  author = {Meertens, Lambert},
  year = {1998}
}

@phdthesis{wagner2014symmetric,
  title = {Symmetric {{Edit Lenses}}: {{A New Foundation}} for {{Bidirectional Languages}}},
  school = {University of Pennsylvania},
  author = {Wagner, D.},
  month = jun,
  year = {2014}
}

@article{pacheco2013generic,
  title = {A {{Generic Scheme}} and {{Properties}} of {{Bidirectional Transformations}}},
  volume = {abs/1306.4473},
  journal = {CoRR},
  author = {Pacheco, Hugo and Macedo, Nuno and Cunha, Alcino and Voigtl\"ander, Janis},
  year = {2013}
}

@inproceedings{foster2010three,
  title = {Three {{Complementary Approaches}} to {{Bidirectional Programming}}},
  booktitle = {{{SSGIP}}},
  author = {Foster, Nate and Matsuda, Kazutaka and Voigtl\"ander, Janis},
  year = {2010},
  pages = {1-46}
}

@inproceedings{czarnecki2009bidirectional,
  title = {Bidirectional {{Transformations}}: {{A Cross}}-{{Discipline Perspective}}},
  booktitle = {{{ICMT}}},
  author = {Czarnecki, Krzysztof and Foster, J. Nathan and Hu, Zhenjiang and L\"ammel, Ralf and Sch\"urr, Andy and Terwilliger, James F.},
  year = {2009},
  pages = {260-283}
}

@inproceedings{zaytsev2014case,
  title = {Case {{Studies}} in {{Bidirectionalisation}}},
  booktitle = {Pre-Proceedings of the 15th {{International Symposium}} on {{Trends}} in {{Functional Programming}} ({{TFP}} 2014)},
  author = {Zaytsev, Vadim},
  month = may,
  year = {2014},
  pages = {51--58}
}

@inproceedings{alimarine2005there,
  address = {Tallinn, Estonia},
  series = {Haskell '05},
  title = {There and {{Back Again}}: {{Arrows}} for {{Invertible Programming}}},
  isbn = {1-59593-071-X},
  doi = {10.1145/1088348.1088357},
  booktitle = {Proceedings of the 2005 {{ACM SIGPLAN Workshop}} on {{Haskell}}},
  publisher = {{ACM}},
  author = {Alimarine, Artem and Smetsers, Sjaak and {van Weelden}, Arjen and {van Eekelen}, Marko and Plasmeijer, Rinus},
  year = {2005},
  keywords = {Haskell,arrows,invertible program construction,polytypic programming},
  pages = {86--97}
}

@inproceedings{matsuda2013flippr,
  address = {Rome, Italy},
  series = {{{ESOP}}'13},
  title = {{{FliPpr}}: {{A Prettier Invertible Printing System}}},
  isbn = {978-3-642-37035-9},
  doi = {10.1007/978-3-642-37036-6_6},
  booktitle = {Proceedings of the {{22Nd European Conference}} on {{Programming Languages}} and {{Systems}}},
  publisher = {{Springer-Verlag}},
  author = {Matsuda, Kazutaka and Wang, Meng},
  year = {2013},
  pages = {101--120}
}

@inproceedings{rendel2010invertible,
  address = {Baltimore, Maryland, USA},
  series = {Haskell '10},
  title = {Invertible {{Syntax Descriptions}}: {{Unifying Parsing}} and {{Pretty Printing}}},
  isbn = {978-1-4503-0252-4},
  doi = {10.1145/1863523.1863525},
  booktitle = {Proceedings of the {{Third ACM Haskell Symposium}} on {{Haskell}}},
  publisher = {{ACM}},
  author = {Rendel, Tillmann and Ostermann, Klaus},
  year = {2010},
  keywords = {embedded domain specific languages,invertible computation,parser combinators,pretty printing},
  pages = {1--12}
}

@unpublished{zaytsev2014parsing,
  title = {Parsing in a {{Broad Sense}}},
  author = {Zaytsev, Vadim and Bagge, Anya Helene},
  month = mar,
  year = {2014}
}

@inproceedings{hanus2013functional,
  title = {Functional {{Logic Programming}}: {{From Theory}} to {{Curry}}},
  booktitle = {Programming {{Logics}}},
  author = {Hanus, Michael},
  year = {2013},
  pages = {123-168}
}

@article{mazanek2011constructing,
  title = {Constructing a {{Bidirectional Transformation}} between {{BPMN}} and {{BPEL}} with a {{Functional Logic Programming Language}}},
  volume = {22},
  number = {1},
  journal = {J. Vis. Lang. Comput.},
  author = {Mazanek, Steffen and Hanus, Michael},
  year = {2011},
  pages = {66-89}
}

@inproceedings{hanus2014modular,
  title = {A {{Modular}} and {{Generic Analysis Server System}} for {{Functional Logic Programs}}},
  booktitle = {{{PEPM}}},
  author = {Hanus, Michael and Skrlac, Fabian},
  year = {2014},
  pages = {181-188}
}

@article{hanus2014erbased,
  title = {An {{ER}}-Based {{Framework}} for {{Declarative Web Programming}}},
  volume = {14},
  number = {3},
  journal = {TPLP},
  author = {Hanus, Michael and Koschnicke, Sven},
  year = {2014},
  pages = {269-291}
}

@inproceedings{hanus2009declarative,
  title = {Declarative {{Programming}} of {{User Interfaces}}},
  booktitle = {{{PADL}}},
  author = {Hanus, Michael and {s}, Christof Klu$\backslash$s},
  year = {2009},
  pages = {16-30}
}

@inproceedings{hanus2006typeoriented,
  title = {Type-{{Oriented Construction}} of {{Web User Interfaces}}},
  booktitle = {{{PPDP}}},
  author = {Hanus, Michael},
  year = {2006},
  pages = {27-38}
}

@article{voigtlander2013enhancing,
  title = {Enhancing Semantic Bidirectionalization via Shape Bidirectionalizer Plug-Ins},
  volume = {23},
  issn = {1469-7653},
  doi = {10.1017/S0956796813000130},
  number = {05},
  journal = {Journal of Functional Programming},
  author = {Voigtl\"ander, Janis and Hu, Zhenjiang and Matsuda, Kazutaka and Wang, Meng},
  month = sep,
  year = {2013},
  pages = {515--551}
}

@inproceedings{voigtlander2009bidirectionalization,
  address = {Savannah, GA, USA},
  series = {{{POPL}} '09},
  title = {Bidirectionalization for {{Free}}! ({{Pearl}})},
  isbn = {978-1-60558-379-2},
  doi = {10.1145/1480881.1480904},
  booktitle = {Proceedings of the 36th {{Annual ACM SIGPLAN}}-{{SIGACT Symposium}} on {{Principles}} of {{Programming Languages}}},
  publisher = {{ACM}},
  author = {Voigtl\"ander, Janis},
  year = {2009},
  keywords = {free theorems,Haskell,program transformation,bidirectionalization,generic programming,relational parametricity,view-update problem},
  pages = {165--176}
}

@inproceedings{wang2014semantic,
  address = {San Diego, California, USA},
  series = {{{PEPM}} '14},
  title = {Semantic {{Bidirectionalization Revisited}}},
  isbn = {978-1-4503-2619-3},
  doi = {10.1145/2543728.2543729},
  booktitle = {Proceedings of the {{ACM SIGPLAN}} 2014 {{Workshop}} on {{Partial Evaluation}} and {{Program Manipulation}}},
  publisher = {{ACM}},
  author = {Wang, Meng and Najd, Shayan},
  year = {2014},
  keywords = {Haskell,bidirectional transformation,view-update problem,free theorem},
  pages = {51--61}
}

@inproceedings{voigtlander2010combining,
  address = {Baltimore, Maryland, USA},
  series = {{{ICFP}} '10},
  title = {Combining {{Syntactic}} and {{Semantic Bidirectionalization}}},
  isbn = {978-1-60558-794-3},
  doi = {10.1145/1863543.1863571},
  booktitle = {Proceedings of the 15th {{ACM SIGPLAN International Conference}} on {{Functional Programming}}},
  publisher = {{ACM}},
  author = {Voigtl\"ander, Janis and Hu, Zhenjiang and Matsuda, Kazutaka and Wang, Meng},
  year = {2010},
  keywords = {program transformation,view-update problem},
  pages = {181--192}
}

@inproceedings{grohne2014formalizing,
  title = {Formalizing {{Semantic Bidirectionalization}} with {{Dependent Types}}},
  booktitle = {{{EDBT}}/{{ICDT Workshops}}},
  author = {Grohne, Helmut and L\"oh, Andres and Voigtl\"ander, Janis},
  year = {2014},
  pages = {75-81}
}

@inproceedings{matsuda2013bidirectionalization,
  address = {Madrid, Spain},
  series = {{{PPDP}} '13},
  title = {Bidirectionalization for {{Free}} with {{Runtime Recording}}: {{Or}}, a {{Light}}-Weight {{Approach}} to the {{View}}-Update {{Problem}}},
  isbn = {978-1-4503-2154-9},
  doi = {10.1145/2505879.2505888},
  booktitle = {Proceedings of the 15th {{Symposium}} on {{Principles}} and {{Practice}} of {{Declarative Programming}}},
  publisher = {{ACM}},
  author = {Matsuda, Kazutaka and Wang, Meng},
  year = {2013},
  keywords = {Haskell,bidirectional transformation,free theorem,XML transformation,type class},
  pages = {297--308}
}

@book{foster2006harmony,
  title = {Harmony {{Programmer}}'s {{Manual}}},
  author = {Foster, J. Nathan and Pierce, Benjamin C. and Schmitt, Alan},
  year = {2006}
}

@techreport{pierce2003bringing,
  type = {Technical {{Report}}},
  title = {Bringing {{Harmony}} to {{Optimism}}: {{A Synchronization Framework}} for {{Heterogeneous Tree}}-{{Structured Data}}},
  number = {MS-CIS-03-42},
  institution = {{University of Pennsylvania}},
  author = {Pierce, Benjamin C. and Schmitt, Alan and Greenwald, Michael B.},
  year = {2003}
}

@inproceedings{pacheco2010generic,
  address = {Qu\&\#233;bec, Canada},
  series = {{{MPC}}'10},
  title = {Generic {{Point}}-Free {{Lenses}}},
  isbn = {3-642-13320-7 978-3-642-13320-6},
  booktitle = {Proceedings of the 10th {{International Conference}} on {{Mathematics}} of {{Program Construction}}},
  publisher = {{Springer-Verlag}},
  author = {Pacheco, Hugo and Cunha, Alcino},
  year = {2010},
  keywords = {bidirectional transformations,inductive types,lenses,point-free,recursion patterns},
  pages = {331--352}
}

@inproceedings{abott2003categories,
  series = {Lecture {{Notes}} in {{Computer Science}}},
  title = {Categories of {{Containers}}},
  volume = {2620},
  isbn = {978-3-540-36576-1},
  doi = {10.1007/3-540-36576-1},
  booktitle = {Proceedings of {{Foundations}} of {{Software Science}} and {{Computation Structures}}},
  publisher = {{Springer-Verlag}},
  author = {Abott, Michael and Altenkirch, Thorsten and Ghani, Neil},
  year = {2003},
  pages = {23-38}
}

@article{bancilhon1981update,
  title = {Update {{Semantics}} of {{Relational Views}}},
  volume = {6},
  issn = {0362-5915},
  doi = {10.1145/319628.319634},
  number = {4},
  journal = {ACM Trans. Database Syst.},
  author = {Bancilhon, F. and Spyratos, N.},
  month = dec,
  year = {1981},
  keywords = {view updating,conceptual model,data model,data semantics,database view,relation,relational model database,update translation},
  pages = {557--575}
}

@inproceedings{hughes2000quickcheck,
  title = {{{QuickCheck}}: {{A Lightweight Tool}} for {{Random Testing}} of {{Haskell Programs}}},
  doi = {10.1145/351240.351266},
  booktitle = {Proceedings of the 5th {{ACM SIGPLAN International Conference}} on {{Functional Programming}}},
  publisher = {{ACM}},
  author = {Hughes, John and Claessen, Koen},
  year = {2000},
  pages = {268--279}
}

@book{hanus2014kics2,
  title = {{{KiCS2}} - {{The Kiel Curry System User Manual Version}} 0.3.2 of 2014-07-30},
  author = {Hanus, Michael and {sel}, Bernd Bra$\backslash$s and Peem\"oller, Bj\"orn and Reck, Fabian},
  year = {2014}
}

@inproceedings{antoy2009set,
  title = {Set {{Functions}} for {{Functional Logic Programming}}},
  booktitle = {Proc.$\backslash$ of the 11th {{International ACM SIGPLAN Conference}} on {{Principle}} and {{Practice}} of {{Declarative Programming}} ({{PPDP}}'09)},
  publisher = {{ACM Press}},
  author = {Antoy, S. and Hanus, M.},
  year = {2009},
  pages = {73-82}
}

@inproceedings{caballero1999functionallogic,
  series = {Lecture {{Notes}} in {{Computer Science}}},
  title = {A {{Functional}}-{{Logic Perspective}} on {{Parsing}}},
  volume = {1722},
  isbn = {3-540-66677-X},
  booktitle = {Fuji {{International Symposium}} on {{Functional}} and {{Logic Programming}}},
  publisher = {{Springer}},
  author = {Caballero, Rafael and {L\`opez-Fraguas}, Francisco Javier},
  editor = {Middeldorp, Aart and Sato, Taisuke},
  year = {1999},
  keywords = {dblp},
  pages = {85-99}
}

@incollection{klint2011easy,
  title = {{{EASY Meta}}-Programming with {{Rascal}}},
  booktitle = {Generative and {{Transformational Techniques}} in {{Software Engineering III}}},
  publisher = {{Springer Berlin Heidelberg}},
  author = {Klint, Paul and Van Der Storm, Tijs and Vinju, Jurgen},
  year = {2011},
  pages = {222--289}
}

@inproceedings{wadler1998prettier,
  title = {A {{Prettier Printer}}},
  booktitle = {Journal of {{Functional Programming}}},
  publisher = {{Palgrave Macmillan}},
  author = {Wadler, Philip},
  year = {1998},
  pages = {223--244}
}

@inproceedings{keller1985algorithms,
  address = {Portland, Oregon, USA},
  series = {{{PODS}} '85},
  title = {Algorithms for {{Translating View Updates}} to {{Database Updates}} for {{Views Involving Selections}}, {{Projections}}, and {{Joins}}},
  isbn = {0-89791-153-9},
  doi = {10.1145/325405.325423},
  booktitle = {Proceedings of the {{Fourth ACM SIGACT}}-{{SIGMOD Symposium}} on {{Principles}} of {{Database Systems}}},
  publisher = {{ACM}},
  author = {Keller, Arthur M.},
  year = {1985},
  pages = {154--163}
}

@book{czaplicki2012elm,
  title = {Elm: {{Concurrent FRP}} for {{Functional GUIs}}},
  publisher = {{Harvard University}},
  author = {Czaplicki, Evan},
  year = {2012}
}

@inproceedings{kiselyov2009embedded,
  title = {Embedded {{Probabilistic Programming}}},
  doi = {10.1007/978-3-642-03034-5_17},
  abstract = {Two general techniques for implementing a domain-specific language (DSL) with less overhead are the finally-tagless embedding of object programs and the direct-style representation of side effects. We use these techniques to build a DSL for probabilistic programming, for expressing countable probabilistic models and performing exact inference and importance sampling on them. Our language is embedded as an ordinary OCaml library and represents probability distributions as ordinary OCaml programs. We use delimited continuations to reify probabilistic programs as lazy search trees, which inference algorithms may traverse without imposing any interpretive overhead on deterministic parts of a model. We thus take advantage of the existing OCaml implementation to achieve competitive performance and ease of use. Inference algorithms can easily be embedded in probabilistic programs themselves.},
  booktitle = {Domain-{{Specific Languages}}},
  publisher = {{Springer Berlin Heidelberg}},
  author = {Kiselyov, Oleg and Shan, Chung-chieh},
  year = {2009},
  pages = {360--384}
}

@inproceedings{mestanogullari2015typelevel,
  address = {Vancouver, BC, Canada},
  series = {{{WGP}} 2015},
  title = {Type-Level {{Web APIs}} with {{Servant}}: {{An Exercise}} in {{Domain}}-Specific {{Generic Programming}}},
  booktitle = {Proceedings of the 11th {{ACM SIGPLAN Workshop}} on {{Generic Programming}}},
  publisher = {{ACM}},
  author = {Mestanogullari, Alp and Hahn, S\"onke and Arni, Julian K. and L\"oh, Andres},
  year = {2015},
  keywords = {Haskell,generic programming,embedded domain-specific languages,type-level programming,web programming},
  pages = {1--12}
}

@inproceedings{fischer2015clear,
  title = {A Clear Picture of Lens Laws \textemdash{{Functional Pearl}}\textemdash{}},
  booktitle = {Proceedings of the 12th {{Conference}} on {{Mathematics}} of {{Program Construction}} ({{MPC}} 2015)},
  publisher = {{Springer Verlag}},
  author = {Fischer, Sebastian and Hu, Zhenjiang and Pacheco, Hugo},
  year = {2015}
}

@article{dybjer2004verifying,
  title = {Verifying {{Haskell}} Programs by Combining Testing, Model Checking and Interactive Theorem Proving},
  volume = {46},
  number = {15},
  journal = {Information and software technology},
  author = {Dybjer, Peter and Haiyan, Qiao and Takeyama, Makoto},
  year = {2004},
  pages = {1011--1025}
}

@inproceedings{jeffrey2013functional,
  address = {Boston, Massachusetts, USA},
  series = {{{ICFP}} '13},
  title = {Functional {{Reactive Programming}} with {{Liveness Guarantees}}},
  isbn = {978-1-4503-2326-0},
  booktitle = {Proceedings of the 18th {{ACM SIGPLAN International Conference}} on {{Functional Programming}}},
  publisher = {{ACM}},
  author = {Jeffrey, Alan},
  year = {2013},
  keywords = {concurrency,functional reactive programming,liveness},
  pages = {233--244}
}

@inproceedings{kiselyov2015freer,
  title = {Freer {{Monads}}, {{More Extensible Effects}}},
  doi = {10.1145/2804302.2804319},
  booktitle = {Proceedings of the 2015 {{ACM SIGPLAN Symposium}} on {{Haskell}}},
  publisher = {{ACM}},
  author = {Kiselyov, Oleg and Ishii, Hiromi},
  year = {2015},
  keywords = {Kan extension,coroutine,effect handler,effect interaction,free monad,open union,type and effect system},
  pages = {94--105}
}

@inproceedings{arzt2013flowdroid,
  title = {{{FlowDroid}}: Precise Context, Flow, Field, Object-Sensitive and Lifecycle-Aware Taint Analysis for {{Android}} Apps},
  isbn = {978-1-4503-2784-8},
  shorttitle = {{{FlowDroid}}},
  doi = {10.1145/2594291.2594299},
  language = {en},
  publisher = {{ACM Press}},
  author = {Arzt, Steven and Rasthofer, Siegfried and Fritz, Christian and Bodden, Eric and Bartel, Alexandre and Klein, Jacques and Le Traon, Yves and Octeau, Damien and McDaniel, Patrick},
  year = {2013},
  pages = {259-269},
  file = {/Users/sad/Zotero/storage/WPR5XNNG/far+14flowdroid.pdf}
}

@article{snelting2014checking,
  title = {Checking Probabilistic Noninterference Using Joana},
  volume = {56},
  number = {6},
  journal = {it-Information Technology},
  author = {Snelting, Gregor and Giffhorn, Dennis and Graf, J\"urgen and Hammer, Christian and Hecker, Martin and Mohr, Martin and Wasserrab, Daniel},
  year = {2014},
  pages = {280--287},
  file = {/Users/sad/Zotero/storage/7MGA9RUB/joana14it.pdf}
}

@inproceedings{avdiienko2015mining,
  title = {Mining {{Apps}} for {{Abnormal Usage}} of {{Sensitive Data}}},
  isbn = {978-1-4799-1934-5},
  doi = {10.1109/ICSE.2015.61},
  publisher = {{IEEE}},
  author = {Avdiienko, Vitalii and Kuznetsov, Konstantin and Gorla, Alessandra and Zeller, Andreas and Arzt, Steven and Rasthofer, Siegfried and Bodden, Eric},
  month = may,
  year = {2015},
  pages = {426-436},
  file = {/Users/sad/Zotero/storage/JECW5K3J/icse2015-mudflow.pdf}
}

@article{gunadi2015formal,
  archivePrefix = {arXiv},
  eprinttype = {arxiv},
  eprint = {1504.01842},
  primaryClass = {cs},
  title = {Formal {{Certification}} of {{Android Bytecode}}},
  abstract = {Android is an operating system that has been used in a majority of mobile devices. Each application in Android runs in an instance of the Dalvik virtual machine, which is a register-based virtual machine (VM). Most applications for Android are developed using Java, compiled to Java bytecode and then translated to DEX bytecode using the dx tool in the Android SDK. In this work, we aim to develop a type-based method for certifying non-interference properties of DEX bytecode, following a methodology that has been developed for Java bytecode certification by Barthe et al. To this end, we develop a formal operational semantics of the Dalvik VM, a type system for DEX bytecode, and prove the soundness of the type system with respect to a notion of non-interference. We then study the translation process from Java bytecode to DEX bytecode, as implemented in the dx tool in the Android SDK. We show that an abstracted version of the translation from Java bytecode to DEX bytecode preserves the non-interference property. More precisely, we show that if the Java bytecode is typable in Barthe et al's type system (which guarantees non-interference) then its translation is typable in our type system. This result opens up the possibility to leverage existing bytecode verifiers for Java to certify non-interference properties of Android bytecode.},
  journal = {arXiv:1504.01842 [cs]},
  author = {Gunadi, Hendra and Tiu, Alwen and Gore, Rajeev},
  month = apr,
  year = {2015},
  keywords = {Computer Science - Programming Languages},
  file = {/Users/sad/Zotero/storage/A8255QW8/Gunadi et al. - 2015 - Formal Certification of Android Bytecode.pdf;/Users/sad/Zotero/storage/IFU39VI7/1504.html}
}

@inproceedings{lortz2014cassandra,
  title = {Cassandra: {{Towards}} a {{Certifying App Store}} for {{Android}}},
  isbn = {978-1-4503-3155-5},
  shorttitle = {Cassandra},
  doi = {10.1145/2666620.2666631},
  language = {en},
  publisher = {{ACM Press}},
  author = {Lortz, Steffen and Mantel, Heiko and Starostin, Artem and B\"ahr, Timo and Schneider, David and Weber, Alexandra},
  year = {2014},
  pages = {93-104},
  file = {/Users/sad/Zotero/storage/WU656QPN/LortzMantelStarostinBaehrSchneiderWeber-SPSM14.pdf}
}

@article{calzavara2017sound,
  archivePrefix = {arXiv},
  eprinttype = {arxiv},
  eprint = {1705.10482},
  primaryClass = {cs},
  title = {A {{Sound Flow}}-{{Sensitive Heap Abstraction}} for the {{Static Analysis}} of {{Android Applications}}},
  abstract = {The present paper proposes the first static analysis for Android applications which is both flow-sensitive on the heap abstraction and provably sound with respect to a rich formal model of the Android platform. We formulate the analysis as a set of Horn clauses defining a sound over-approximation of the semantics of the Android application to analyse, borrowing ideas from recency abstraction and extending them to our concurrent setting. Moreover, we implement the analysis in HornDroid, a state-of-the-art information flow analyser for Android applications. Our extension allows HornDroid to perform strong updates on heap-allocated data structures, thus significantly increasing its precision, without sacrificing its soundness guarantees. We test our implementation on DroidBench, a popular benchmark of Android applications developed by the research community, and we show that our changes to HornDroid lead to an improvement in the precision of the tool, while having only a moderate cost in terms of efficiency. Finally, we assess the scalability of our tool to the analysis of real applications.},
  journal = {arXiv:1705.10482 [cs]},
  author = {Calzavara, Stefano and Grishchenko, Ilya and Koutsos, Adrien and Maffei, Matteo},
  month = may,
  year = {2017},
  keywords = {Computer Science - Programming Languages,Computer Science - Cryptography and Security},
  file = {/Users/sad/Zotero/storage/HISDNMHZ/Calzavara et al. - 2017 - A Sound Flow-Sensitive Heap Abstraction for the St.pdf;/Users/sad/Zotero/storage/QDMFQ63C/1705.html}
}

@inproceedings{calzavara2016horndroid,
  title = {Horndroid: {{Practical}} and Sound Static Analysis of Android Applications by Smt Solving},
  shorttitle = {Horndroid},
  booktitle = {Security and {{Privacy}} ({{EuroS}}\&{{P}}), 2016 {{IEEE European Symposium}} On},
  publisher = {{IEEE}},
  author = {Calzavara, Stefano and Grishchenko, Ilya and Maffei, Matteo},
  year = {2016},
  pages = {47--62},
  file = {/Users/sad/Zotero/storage/EH6W92PA/eurosp16.pdf}
}

@inproceedings{nampally2015constraintbased,
  title = {Constraint-{{Based Inference}} in {{Probabilistic Logic Programs}}.},
  booktitle = {Workshop on {{Probabilistic Programming}}},
  author = {Nampally, Arun and Ramakrishnan, Cartic R},
  year = {2015},
  pages = {46--56}
}

@book{hanus2017pakcs,
  title = {{{PAKCS}}: {{The Portland Aachen Kiel Curry System}}},
  author = {Hanus, Michael},
  year = {2017},
  note = {Published: Available at http://www.informatik.uni-kiel.de/$\sim$pakcs/}
}

@inproceedings{paige2014compilation,
  address = {Beijing, China},
  title = {A {{Compilation Target}} for {{Probabilistic Programming Languages}}},
  booktitle = {Proceedings of the {{International Conference}} on {{Machine Learning}}},
  author = {Paige, Brooks and Wood, Frank},
  year = {2014}
}

@inproceedings{deraedt2007problog,
  address = {Hyderabad, India},
  series = {{{IJCAI}} '07},
  title = {{{ProbLog}}: {{A Probabilistic Prolog}} and {{Its Application}} in {{Link Discovery}}},
  booktitle = {Proceedings of the 20th {{International Joint Conference}} on {{Artifical Intelligence}}},
  publisher = {{Morgan Kaufmann Publishers Inc.}},
  author = {De Raedt, Luc and Kimmig, Angelika and Toivonen, Hannu},
  year = {2007},
  pages = {2468--2473}
}

@article{goodman2008church,
  title = {Church: A {{Language}} for {{Generative Models}}},
  journal = {CoRR},
  author = {Goodman, Noah D. and Mansinghka, Vikash K. and Roy, Daniel M. and Bonawitz, Keith and Tenenbaum, Joshua B.},
  year = {2008},
  pages = {220--229}
}

@article{brassel2009technique,
  title = {A {{Technique}} to {{Build Debugging Tools}} for {{Lazy Functional Logic Languages}}},
  volume = {246},
  journal = {Electronic Notes in Theoretical Computer Science},
  author = {Bra\ss{}el, Bernd},
  year = {2009}
}

@article{hanus1994integration,
  title = {The {{Integration}} of {{Functions}} into {{Logic Programming}}: {{From Theory}} to {{Practice}}},
  journal = {Journal of Logic Programming},
  author = {Hanus, Michael},
  year = {1994},
  pages = {583--628}
}

@phdthesis{fischer2010functional,
  type = {Dissertation Zur {{Erlangung}} Des Akademischen {{Grades Doktor}} Der {{Naturwissenschaften}} ({{Dr}}.Rer.Nat.)},
  title = {On {{Functional Logic Programming}} and Its {{Application}} to {{Testing}}},
  school = {Christian-Albrechts University of Kiel, Germany},
  author = {Fischer, Sebastian},
  year = {2010}
}

@article{mallows1963patience,
  title = {Patience {{Sorting}}},
  journal = {SIAM review},
  author = {Mallows, Colin L},
  year = {1963}
}

@inproceedings{hinze2012sorting,
  series = {{{WGP}}'12},
  title = {Sorting with {{Bialgebras}} and {{Distributive Laws}}},
  publisher = {{ACM}},
  author = {Hinze, Ralf and James, Daniel WH and Harper, Thomas and Wu, Nicolas and Magalh\~aes, Jos\'e Pedro},
  year = {2012},
  pages = {69--80}
}

@book{vanlaarhoven2007haskell,
  title = {Haskell Mailing List},
  author = {{van Laarhoven}, Twan and others},
  month = dec,
  year = {2007}
}

@inproceedings{gibbons2011just,
  series = {{{ICFP}}'11},
  title = {Just Do It: {{Simple Monadic Equational Reasoning}}},
  publisher = {{ACM}},
  author = {Gibbons, Jeremy and Hinze, Ralf},
  year = {2011},
  pages = {2--14}
}

@article{johnson1963generation,
  title = {Generation of {{Permutations}} by {{Adjacent Transposition}}},
  journal = {Mathematics of computation},
  author = {Johnson, Selmer M},
  year = {1963},
  pages = {282--285}
}

@article{sedgewick1977permutation,
  title = {Permutation {{Generation Methods}}},
  journal = {ACM Computing Surveys (CSUR)},
  author = {Sedgewick, Robert},
  year = {1977},
  pages = {137--164}
}

@article{trotter1962algorithm,
  title = {Algorithm 115: {{Perm}}},
  journal = {Commun. ACM},
  author = {Trotter, H. F.},
  year = {1962},
  pages = {434--435}
}

@inproceedings{liang1995monad,
  title = {Monad {{Transformers}} and {{Modular Interpreters}}},
  booktitle = {Proceedings of the 22nd {{ACM SIGPLAN}}-{{SIGACT}} Symposium on {{Principles}} of Programming Languages},
  publisher = {{ACM}},
  author = {Liang, Sheng and Hudak, Paul and Jones, Mark},
  year = {1995},
  pages = {333--343}
}

@inproceedings{uustalu2017container,
  title = {Container {{Combinatorics}}: {{Monads}} and {{Lax Monoidal Functors}}},
  doi = {10.1007/978-3-319-68953-1},
  booktitle = {Topics in {{Theoretical Computer Science}}},
  publisher = {{Springer International Publishing}},
  author = {Uustalu, Tarmo},
  year = {2017},
  pages = {91-105}
}

@book{chlipala2011certified,
  title = {Certified {{Programming}} with {{Dependent Types}}},
  isbn = {978-0-262-02665-9},
  publisher = {{MIT Press New York}},
  author = {Chlipala, Adam},
  year = {2011}
}

@inproceedings{voigtlander2008asymptotica,
  address = {Berlin, Heidelberg},
  title = {Asymptotic {{Improvement}} of {{Computations}} over {{Free Monads}}},
  booktitle = {Int. {{Conf}}. on {{Mathematics}} of {{Program Construction}}},
  publisher = {{Springer}},
  author = {Voigtl\"ander, Janis},
  year = {2008},
  pages = {388--403}
}

@misc{coquand2013positive,
  title = {Agda Mailing List},
  howpublished = {https://lists.chalmers.se/pipermail/agda/2013/006189.html},
  author = {Coquand, Thierry and Stump, Aaron and Jedynak, Wojciech},
  month = dec,
  year = {2013}
}

@inproceedings{altenkirch2007generic,
  series = {Lecture {{Notes}} in {{Computer Science}}},
  title = {Generic {{Programming}} with {{Dependent Types}}},
  volume = {4719},
  isbn = {978-3-540-76786-2},
  doi = {10.1007/978-3-540-76786-2_4},
  booktitle = {International {{Spring School}}},
  publisher = {{Springer-Verlag}},
  author = {Altenkirch, Thorsten and McBride, Conor and Morris, Peter},
  year = {2006},
  pages = {209--257}
}

@inproceedings{christiansen2010free,
  title = {Free {{Theorems For Functional Logic Programs}}},
  doi = {10.1145/1707790.1707797},
  booktitle = {Proceedings of the 4th {{ACM SIGPLAN Workshop}} on {{Programming Languages Meets Program Verification}}},
  publisher = {{ACM}},
  author = {Christiansen, Jan and Seidel, Daniel and Voigtl\"ander, Janis},
  year = {2010},
  pages = {39-48},
  bdsk-file-1 = {YnBsaXN0MDDUAQIDBAUGJCVYJHZlcnNpb25YJG9iamVjdHNZJGFyY2hpdmVyVCR0b3ASAAGGoKgHCBMUFRYaIVUkbnVsbNMJCgsMDxJXTlMua2V5c1pOUy5vYmplY3RzViRjbGFzc6INDoACgAOiEBGABIAFgAdccmVsYXRpdmVQYXRoWWFsaWFzRGF0YV8QJy4uLy4uL1BhcGVycy9DdXJyeS9wMzktY2hyaXN0aWFuc2VuLnBkZtIXCxgZV05TLmRhdGFPEQGyAAAAAAGyAAIAAAxNYWNpbnRvc2ggSEQAAAAAAAAAAAAAAAAAAADSvOLdSCsAAAAWx3oUcDM5LWNocmlzdGlhbnNlbi5wZGYAAAAAAAAAAAAAAAAAAAAAAAAAAAAAAAAAAAAAAAAAAAAAAAAAAAAAAAAAAGpsUNNr0sYAAAAAAAAAAAACAAMAAAkgAAAAAAAAAAAAAAAAAAAABUN1cnJ5AAAQAAgAANK81M0AAAARAAgAANNrtqYAAAABABQAFsd6ABbHdgAJXXYACV11AAYsowACAEdNYWNpbnRvc2ggSEQ6VXNlcnM6AGphYzoARG9jdW1lbnRzOgBQYXBlcnM6AEN1cnJ5OgBwMzktY2hyaXN0aWFuc2VuLnBkZgAADgAqABQAcAAzADkALQBjAGgAcgBpAHMAdABpAGEAbgBzAGUAbgAuAHAAZABmAA8AGgAMAE0AYQBjAGkAbgB0AG8AcwBoACAASABEABIANVVzZXJzL2phYy9Eb2N1bWVudHMvUGFwZXJzL0N1cnJ5L3AzOS1jaHJpc3RpYW5zZW4ucGRmAAATAAEvAAAVAAIACv//AACABtIbHB0eWiRjbGFzc25hbWVYJGNsYXNzZXNdTlNNdXRhYmxlRGF0YaMdHyBWTlNEYXRhWE5TT2JqZWN00hscIiNcTlNEaWN0aW9uYXJ5oiIgXxAPTlNLZXllZEFyY2hpdmVy0SYnVHJvb3SAAQAIABEAGgAjAC0AMgA3AEAARgBNAFUAYABnAGoAbABuAHEAcwB1AHcAhACOALgAvQDFAnsCfQKCAo0ClgKkAqgCrwK4Ar0CygLNAt8C4gLnAAAAAAAAAgEAAAAAAAAAKAAAAAAAAAAAAAAAAAAAAuk=}
}

@inproceedings{mehner2014parametricity,
  title = {Parametricity and {{Proving Free Theorems}} for {{Functional}}-{{Logic Languages}}},
  doi = {10.1145/2643135.2643147},
  booktitle = {Proceedings of the 16th {{International Symposium}} on {{Principles}} and {{Practice}} of {{Declarative Programming}}},
  publisher = {{ACM}},
  author = {Mehner, Stefan and Seidel, Daniel and Stra\ss{}burger, Lutz and Voigtl\"ander, Janis},
  year = {2014},
  keywords = {free theorems,Curry,functional logic programming},
  pages = {19-30},
  bdsk-file-1 = {YnBsaXN0MDDUAQIDBAUGJCVYJHZlcnNpb25YJG9iamVjdHNZJGFyY2hpdmVyVCR0b3ASAAGGoKgHCBMUFRYaIVUkbnVsbNMJCgsMDxJXTlMua2V5c1pOUy5vYmplY3RzViRjbGFzc6INDoACgAOiEBGABIAFgAdccmVsYXRpdmVQYXRoWWFsaWFzRGF0YV8QZS4uLy4uL1BhcGVycy9GcmVlIFRoZW9yZW1zL1BhcmFtZXRyaWNpdHkgYW5kIFByb3ZpbmcgRnJlZSBUaGVvcmVtcyBmb3IgRnVuY3Rpb25hbC1Mb2dpYyBMYW5ndWFnZXMucGRm0hcLGBlXTlMuZGF0YU8RAnYAAAAAAnYAAgAADE1hY2ludG9zaCBIRAAAAAAAAAAAAAAAAAAAANK84t1IKwAAAG4hpB9QYXJhbWV0cmljaXR5IGFuZCBQIzExMjBBQjcucGRmAAAAAAAAAAAAAAAAAAAAAAAAAAAAAAAAAAAAAAAAAAABEgq31MMfBVBERiAAAAAAAAIAAwAACSAAAAAAAAAAAAAAAAAAAAANRnJlZSBUaGVvcmVtcwAAEAAIAADSvNTNAAAAEQAIAADUwxD1AAAAAQAUAG4hpAAWx3YACV12AAlddQAGLKMAAgBaTWFjaW50b3NoIEhEOlVzZXJzOgBqYWM6AERvY3VtZW50czoAUGFwZXJzOgBGcmVlIFRoZW9yZW1zOgBQYXJhbWV0cmljaXR5IGFuZCBQIzExMjBBQjcucGRmAA4AlgBKAFAAYQByAGEAbQBlAHQAcgBpAGMAaQB0AHkAIABhAG4AZAAgAFAAcgBvAHYAaQBuAGcAIABGAHIAZQBlACAAVABoAGUAbwByAGUAbQBzACAAZgBvAHIAIABGAHUAbgBjAHQAaQBvAG4AYQBsAC0ATABvAGcAaQBjACAATABhAG4AZwB1AGEAZwBlAHMALgBwAGQAZgAPABoADABNAGEAYwBpAG4AdABvAHMAaAAgAEgARAASAHNVc2Vycy9qYWMvRG9jdW1lbnRzL1BhcGVycy9GcmVlIFRoZW9yZW1zL1BhcmFtZXRyaWNpdHkgYW5kIFByb3ZpbmcgRnJlZSBUaGVvcmVtcyBmb3IgRnVuY3Rpb25hbC1Mb2dpYyBMYW5ndWFnZXMucGRmAAATAAEvAAAVAAIACv//AACABtIbHB0eWiRjbGFzc25hbWVYJGNsYXNzZXNdTlNNdXRhYmxlRGF0YaMdHyBWTlNEYXRhWE5TT2JqZWN00hscIiNcTlNEaWN0aW9uYXJ5oiIgXxAPTlNLZXllZEFyY2hpdmVy0SYnVHJvb3SAAQAIABEAGgAjAC0AMgA3AEAARgBNAFUAYABnAGoAbABuAHEAcwB1AHcAhACOAPYA+wEDA30DfwOEA48DmAOmA6oDsQO6A78DzAPPA+ED5APpAAAAAAAAAgEAAAAAAAAAKAAAAAAAAAAAAAAAAAAAA+s=}
}

@inproceedings{verbruggen2008polytypic,
  title = {Polytypic {{Programming}} in {{Coq}}},
  doi = {10.1145/1411318.1411326},
  booktitle = {Proceedings of the {{ACM SIGPLAN Workshop}} on {{Generic Programming}}},
  publisher = {{ACM}},
  author = {Verbruggen, Wendy and {de Vries}, Edsko and Hughes, Arthur},
  year = {2008},
  pages = {49-60}
}

@inproceedings{coquand1990inductively,
  series = {Lecture {{Notes}} in {{Computer Science}}},
  title = {Inductively {{Defined Types}}},
  volume = {417},
  isbn = {978-3-540-46963-6},
  doi = {10.1007/3-540-52335-9_47},
  booktitle = {Proceedings of the {{International Conference}} on {{Computer Logic}}},
  publisher = {{Springer-Verlag}},
  author = {Coquand, Thierry and Paulin, Christine},
  year = {1988},
  pages = {50-66}
}

@inproceedings{kiselyov2013extensible,
  address = {New York, NY, USA},
  title = {Extensible {{Effects}}: {{An Alternative}} to {{Monad Transformers}}},
  isbn = {978-1-4503-2383-3},
  booktitle = {Proc. of the {{Symposium}} on {{Haskell}}},
  publisher = {{ACM}},
  author = {Kiselyov, Oleg and Sabry, Amr and Swords, Cameron},
  year = {2013},
  keywords = {effects,monad transformers},
  pages = {59-70},
  acmid = {2503791}
}

@inproceedings{danielsson2006fast,
  title = {Fast and {{Loose Reasoning}} Is {{Morally Correct}}},
  doi = {10.1145/1111320.1111056},
  booktitle = {Conference {{Record}} of the 33rd {{ACM SIGPLAN}}-{{SIGACT Symposium}} on {{Principles}} of {{Programming Languages}}},
  publisher = {{ACM}},
  author = {Danielsson, Nils Anders and Hughes, John and Jansson, Patrik and Gibbons, Jeremy},
  year = {2006},
  pages = {206-217},
  bdsk-file-1 = {YnBsaXN0MDDUAQIDBAUGJCVYJHZlcnNpb25YJG9iamVjdHNZJGFyY2hpdmVyVCR0b3ASAAGGoKgHCBMUFRYaIVUkbnVsbNMJCgsMDxJXTlMua2V5c1pOUy5vYmplY3RzViRjbGFzc6INDoACgAOiEBGABIAFgAdccmVsYXRpdmVQYXRoWWFsaWFzRGF0YV8QRi4uLy4uL1BhcGVycy9SZWFzb25pbmcvRmFzdCBhbmQgTG9vc2UgUmVhc29uaW5nIGlzIE1vcmFsbHkgQ29ycmVjdC5wZGbSFwsYGVdOUy5kYXRhTxECGAAAAAACGAACAAAMTWFjaW50b3NoIEhEAAAAAAAAAAAAAAAAAAAA0rzi3UgrAAACNWYvH0Zhc3QgYW5kIExvb3NlIFJlYXMjMjM1NjYwRS5wZGYAAAAAAAAAAAAAAAAAAAAAAAAAAAAAAAAAAAAAAAAAAAI1Zg7WxViqUERGIAAAAAAAAgADAAAJIAAAAAAAAAAAAAAAAAAAAAlSZWFzb25pbmcAABAACAAA0rzUzQAAABEACAAA1sVKmgAAAAEAFAI1Zi8AFsd2AAlddgAJXXUABiyjAAIAVk1hY2ludG9zaCBIRDpVc2VyczoAamFjOgBEb2N1bWVudHM6AFBhcGVyczoAUmVhc29uaW5nOgBGYXN0IGFuZCBMb29zZSBSZWFzIzIzNTY2MEUucGRmAA4AYAAvAEYAYQBzAHQAIABhAG4AZAAgAEwAbwBvAHMAZQAgAFIAZQBhAHMAbwBuAGkAbgBnACAAaQBzACAATQBvAHIAYQBsAGwAeQAgAEMAbwByAHIAZQBjAHQALgBwAGQAZgAPABoADABNAGEAYwBpAG4AdABvAHMAaAAgAEgARAASAFRVc2Vycy9qYWMvRG9jdW1lbnRzL1BhcGVycy9SZWFzb25pbmcvRmFzdCBhbmQgTG9vc2UgUmVhc29uaW5nIGlzIE1vcmFsbHkgQ29ycmVjdC5wZGYAEwABLwAAFQACAAr//wAAgAbSGxwdHlokY2xhc3NuYW1lWCRjbGFzc2VzXU5TTXV0YWJsZURhdGGjHR8gVk5TRGF0YVhOU09iamVjdNIbHCIjXE5TRGljdGlvbmFyeaIiIF8QD05TS2V5ZWRBcmNoaXZlctEmJ1Ryb290gAEACAARABoAIwAtADIANwBAAEYATQBVAGAAZwBqAGwAbgBxAHMAdQB3AIQAjgDXANwA5AMAAwIDBwMSAxsDKQMtAzQDPQNCA08DUgNkA2cDbAAAAAAAAAIBAAAAAAAAACgAAAAAAAAAAAAAAAAAAANu}
}

@inproceedings{abel2005verifying,
  title = {Verifying {{Haskell Programs Using Constructive Type Theory}}},
  doi = {10.1145/1088348.1088355},
  booktitle = {Proceedings of the 2005 {{ACM SIGPLAN Workshop}} on {{Haskell}}},
  publisher = {{ACM}},
  author = {Abel, Andreas and Benke, Marcin and Bove, Ana and Hughes, John and Norell, Ulf},
  year = {2005},
  pages = {62-73},
  bdsk-file-1 = {YnBsaXN0MDDUAQIDBAUGJCVYJHZlcnNpb25YJG9iamVjdHNZJGFyY2hpdmVyVCR0b3ASAAGGoKgHCBMUFRYaIVUkbnVsbNMJCgsMDxJXTlMua2V5c1pOUy5vYmplY3RzViRjbGFzc6INDoACgAOiEBGABIAFgAdccmVsYXRpdmVQYXRoWWFsaWFzRGF0YV8QWy4uLy4uL1BhcGVycy9UaGVvcmVtIFByb3ZpbmcvVmVyaWZ5aW5nIEhhc2tlbGwgcHJvZ3JhbXMgdXNpbmcgY29uc3RydWN0aXZlIHR5cGUgdGhlb3J5IC5wZGbSFwsYGVdOUy5kYXRhTxECWAAAAAACWAACAAAMTWFjaW50b3NoIEhEAAAAAAAAAAAAAAAAAAAA0rzi3UgrAAAAxsF3H1ZlcmlmeWluZyBIYXNrZWxsIHByIzE2Qzc5RS5wZGYAAAAAAAAAAAAAAAAAAAAAAAAAAAAAAAAAAAAAAAAAAAAWx57SOaQOAAAAAAAAAAAAAgADAAAJIAAAAAAAAAAAAAAAAAAAAA9UaGVvcmVtIFByb3ZpbmcAABAACAAA0rzUzQAAABEACAAA0jmH7gAAAAEAFADGwXcAFsd2AAlddgAJXXUABiyjAAIAXE1hY2ludG9zaCBIRDpVc2VyczoAamFjOgBEb2N1bWVudHM6AFBhcGVyczoAVGhlb3JlbSBQcm92aW5nOgBWZXJpZnlpbmcgSGFza2VsbCBwciMxNkM3OUUucGRmAA4AfgA+AFYAZQByAGkAZgB5AGkAbgBnACAASABhAHMAawBlAGwAbAAgAHAAcgBvAGcAcgBhAG0AcwAgAHUAcwBpAG4AZwAgAGMAbwBuAHMAdAByAHUAYwB0AGkAdgBlACAAdAB5AHAAZQAgAHQAaABlAG8AcgB5ACAALgBwAGQAZgAPABoADABNAGEAYwBpAG4AdABvAHMAaAAgAEgARAASAGlVc2Vycy9qYWMvRG9jdW1lbnRzL1BhcGVycy9UaGVvcmVtIFByb3ZpbmcvVmVyaWZ5aW5nIEhhc2tlbGwgcHJvZ3JhbXMgdXNpbmcgY29uc3RydWN0aXZlIHR5cGUgdGhlb3J5IC5wZGYAABMAAS8AABUAAgAK//8AAIAG0hscHR5aJGNsYXNzbmFtZVgkY2xhc3Nlc11OU011dGFibGVEYXRhox0fIFZOU0RhdGFYTlNPYmplY3TSGxwiI1xOU0RpY3Rpb25hcnmiIiBfEA9OU0tleWVkQXJjaGl2ZXLRJidUcm9vdIABAAgAEQAaACMALQAyADcAQABGAE0AVQBgAGcAagBsAG4AcQBzAHUAdwCEAI4A7ADxAPkDVQNXA1wDZwNwA34DggOJA5IDlwOkA6cDuQO8A8EAAAAAAAACAQAAAAAAAAAoAAAAAAAAAAAAAAAAAAADww==}
}

@techreport{mcadam1997wraps,
  title = {That {{About Wraps It Up}}},
  number = {ECS--LFCS--97--375},
  institution = {{Department of Computer Science, University of Edinburgh}},
  author = {McAdam, Bruce J.},
  month = nov,
  year = {1997},
  bdsk-file-1 = {YnBsaXN0MDDUAQIDBAUGJCVYJHZlcnNpb25YJG9iamVjdHNZJGFyY2hpdmVyVCR0b3ASAAGGoKgHCBMUFRYaIVUkbnVsbNMJCgsMDxJXTlMua2V5c1pOUy5vYmplY3RzViRjbGFzc6INDoACgAOiEBGABIAFgAdccmVsYXRpdmVQYXRoWWFsaWFzRGF0YV8QLS4uLy4uL1BhcGVycy9UeXBlcy9UaGF0IGFib3V0IHdyYXBzIGl0IHVwLnBkZtIXCxgZV05TLmRhdGFPEQHKAAAAAAHKAAIAAAxNYWNpbnRvc2ggSEQAAAAAAAAAAAAAAAAAAADSvOLdSCsAAACo1N4aVGhhdCBhYm91dCB3cmFwcyBpdCB1cC5wZGYAAAAAAAAAAAAAAAAAAAAAAAAAAAAAAAAAAAAAAAAAAAAAAAAAARP6k9THO35QREYgAAAAAAACAAMAAAkgAAAAAAAAAAAAAAAAAAAABVR5cGVzAAAQAAgAANK81M0AAAARAAgAANTHLW4AAAABABQAqNTeABbHdgAJXXYACV11AAYsowACAE1NYWNpbnRvc2ggSEQ6VXNlcnM6AGphYzoARG9jdW1lbnRzOgBQYXBlcnM6AFR5cGVzOgBUaGF0IGFib3V0IHdyYXBzIGl0IHVwLnBkZgAADgA2ABoAVABoAGEAdAAgAGEAYgBvAHUAdAAgAHcAcgBhAHAAcwAgAGkAdAAgAHUAcAAuAHAAZABmAA8AGgAMAE0AYQBjAGkAbgB0AG8AcwBoACAASABEABIAO1VzZXJzL2phYy9Eb2N1bWVudHMvUGFwZXJzL1R5cGVzL1RoYXQgYWJvdXQgd3JhcHMgaXQgdXAucGRmAAATAAEvAAAVAAIACv//AACABtIbHB0eWiRjbGFzc25hbWVYJGNsYXNzZXNdTlNNdXRhYmxlRGF0YaMdHyBWTlNEYXRhWE5TT2JqZWN00hscIiNcTlNEaWN0aW9uYXJ5oiIgXxAPTlNLZXllZEFyY2hpdmVy0SYnVHJvb3SAAQAIABEAGgAjAC0AMgA3AEAARgBNAFUAYABnAGoAbABuAHEAcwB1AHcAhACOAL4AwwDLApkCmwKgAqsCtALCAsYCzQLWAtsC6ALrAv0DAAMFAAAAAAAAAgEAAAAAAAAAKAAAAAAAAAAAAAAAAAAAAwc=}
}

@inproceedings{fischer2009purely,
  title = {Purely {{Functional Lazy Non}}-Deterministic {{Programming}}},
  doi = {10.1145/1596550.1596556},
  booktitle = {Proceedings of the 14th {{ACM SIGPLAN International Conference}} on {{Functional Programming}}},
  publisher = {{ACM}},
  author = {Fischer, Sebastian and Kiselyov, Oleg and Shan, Chung-chieh},
  year = {2009},
  pages = {11-22},
  bdsk-file-1 = {YnBsaXN0MDDUAQIDBAUGJCVYJHZlcnNpb25YJG9iamVjdHNZJGFyY2hpdmVyVCR0b3ASAAGGoKgHCBMUFRYaIVUkbnVsbNMJCgsMDxJXTlMua2V5c1pOUy5vYmplY3RzViRjbGFzc6INDoACgAOiEBGABIAFgAdccmVsYXRpdmVQYXRoWWFsaWFzRGF0YV8QSy4uLy4uL1BhcGVycy9DdXJyeS9QdXJlbHkgRnVuY3Rpb25hbCBMYXp5IE5vbi1kZXRlcm1pbmlzdGljIFByb2dyYW1taW5nLnBkZtIXCxgZV05TLmRhdGFPEQIoAAAAAAIoAAIAAAxNYWNpbnRvc2ggSEQAAAAAAAAAAAAAAAAAAADSvOLdSCsAAAAWx3ofUHVyZWx5IEZ1bmN0aW9uYWwgTCMxMUQ1RTBCLnBkZgAAAAAAAAAAAAAAAAAAAAAAAAAAAAAAAAAAAAAAAAAAAR1eC9TTajVQREYgAAAAAAACAAMAAAkgAAAAAAAAAAAAAAAAAAAABUN1cnJ5AAAQAAgAANK81M0AAAARAAgAANTTXCUAAAABABQAFsd6ABbHdgAJXXYACV11AAYsowACAFJNYWNpbnRvc2ggSEQ6VXNlcnM6AGphYzoARG9jdW1lbnRzOgBQYXBlcnM6AEN1cnJ5OgBQdXJlbHkgRnVuY3Rpb25hbCBMIzExRDVFMEIucGRmAA4AcgA4AFAAdQByAGUAbAB5ACAARgB1AG4AYwB0AGkAbwBuAGEAbAAgAEwAYQB6AHkAIABOAG8AbgAtAGQAZQB0AGUAcgBtAGkAbgBpAHMAdABpAGMAIABQAHIAbwBnAHIAYQBtAG0AaQBuAGcALgBwAGQAZgAPABoADABNAGEAYwBpAG4AdABvAHMAaAAgAEgARAASAFlVc2Vycy9qYWMvRG9jdW1lbnRzL1BhcGVycy9DdXJyeS9QdXJlbHkgRnVuY3Rpb25hbCBMYXp5IE5vbi1kZXRlcm1pbmlzdGljIFByb2dyYW1taW5nLnBkZgAAEwABLwAAFQACAAr//wAAgAbSGxwdHlokY2xhc3NuYW1lWCRjbGFzc2VzXU5TTXV0YWJsZURhdGGjHR8gVk5TRGF0YVhOU09iamVjdNIbHCIjXE5TRGljdGlvbmFyeaIiIF8QD05TS2V5ZWRBcmNoaXZlctEmJ1Ryb290gAEACAARABoAIwAtADIANwBAAEYATQBVAGAAZwBqAGwAbgBxAHMAdQB3AIQAjgDcAOEA6QMVAxcDHAMnAzADPgNCA0kDUgNXA2QDZwN5A3wDgQAAAAAAAAIBAAAAAAAAACgAAAAAAAAAAAAAAAAAAAOD}
}

@inproceedings{keuchel2013generic,
  title = {Generic {{Datatypes}} \`a La {{Carte}}},
  doi = {10.1145/2502488.2502491},
  booktitle = {Proceedings of the 9th {{ACM SIGPLAN Workshop}} on {{Generic Programming}}},
  publisher = {{ACM}},
  author = {Keuchel, Steven and Schrijvers, Tom},
  year = {2013},
  keywords = {datatype-generic programming,fixed points,mechanized meta-theory,modularity},
  pages = {13-24},
  bdsk-file-1 = {YnBsaXN0MDDUAQIDBAUGJCVYJHZlcnNpb25YJG9iamVjdHNZJGFyY2hpdmVyVCR0b3ASAAGGoKgHCBMUFRYaIVUkbnVsbNMJCgsMDxJXTlMua2V5c1pOUy5vYmplY3RzViRjbGFzc6INDoACgAOiEBGABIAFgAdccmVsYXRpdmVQYXRoWWFsaWFzRGF0YV8QNy4uLy4uL1BhcGVycy9HZW5lcmljcy9HZW5lcmljIERhdGF0eXBlcyBhYCBsYSBDYXJ0ZS5wZGbSFwsYGVdOUy5kYXRhTxEB7AAAAAAB7AACAAAMTWFjaW50b3NoIEhEAAAAAAAAAAAAAAAAAAAA0rzi3UgrAAACGfwDH0dlbmVyaWMgRGF0YXR5cGVzIGEjMjE5QUZFNi5wZGYAAAAAAAAAAAAAAAAAAAAAAAAAAAAAAAAAAAAAAAAAAAIZr+bWjRJfUERGIAAAAAAAAgADAAAJIAAAAAAAAAAAAAAAAAAAAAhHZW5lcmljcwAQAAgAANK81M0AAAARAAgAANaNBE8AAAABABQCGfwDABbHdgAJXXYACV11AAYsowACAFVNYWNpbnRvc2ggSEQ6VXNlcnM6AGphYzoARG9jdW1lbnRzOgBQYXBlcnM6AEdlbmVyaWNzOgBHZW5lcmljIERhdGF0eXBlcyBhIzIxOUFGRTYucGRmAAAOAEQAIQBHAGUAbgBlAHIAaQBjACAARABhAHQAYQB0AHkAcABlAHMAIABhAGAAIABsAGEAIABDAGEAcgB0AGUALgBwAGQAZgAPABoADABNAGEAYwBpAG4AdABvAHMAaAAgAEgARAASAEVVc2Vycy9qYWMvRG9jdW1lbnRzL1BhcGVycy9HZW5lcmljcy9HZW5lcmljIERhdGF0eXBlcyBhYCBsYSBDYXJ0ZS5wZGYAABMAAS8AABUAAgAK//8AAIAG0hscHR5aJGNsYXNzbmFtZVgkY2xhc3Nlc11OU011dGFibGVEYXRhox0fIFZOU0RhdGFYTlNPYmplY3TSGxwiI1xOU0RpY3Rpb25hcnmiIiBfEA9OU0tleWVkQXJjaGl2ZXLRJidUcm9vdIABAAgAEQAaACMALQAyADcAQABGAE0AVQBgAGcAagBsAG4AcQBzAHUAdwCEAI4AyADNANUCxQLHAswC1wLgAu4C8gL5AwIDBwMUAxcDKQMsAzEAAAAAAAACAQAAAAAAAAAoAAAAAAAAAAAAAAAAAAADMw==}
}

@inproceedings{johann2004free,
  title = {Free {{Theorems}} in the {{Presence}} of Seq},
  doi = {10.1145/982962.964010},
  booktitle = {Proceedings of the 31st {{ACM SIGPLAN}}-{{SIGACT Symposium}} on {{Principles}} of {{Programming Languages}}},
  publisher = {{ACM}},
  author = {Johann, Patricia and Voigtl\"ander, Janis},
  year = {2004},
  pages = {99-110},
  bdsk-file-1 = {YnBsaXN0MDDUAQIDBAUGJCVYJHZlcnNpb25YJG9iamVjdHNZJGFyY2hpdmVyVCR0b3ASAAGGoKgHCBMUFRYaIVUkbnVsbNMJCgsMDxJXTlMua2V5c1pOUy5vYmplY3RzViRjbGFzc6INDoACgAOiEBGABIAFgAdccmVsYXRpdmVQYXRoWWFsaWFzRGF0YV8QQy4uLy4uL1BhcGVycy9GcmVlIFRoZW9yZW1zL0ZyZWUgVGhlb3JlbXMgaW4gdGhlIFByZXNlbmNlIG9mIHNlcS5wZGbSFwsYGVdOUy5kYXRhTxECEAAAAAACEAACAAAMTWFjaW50b3NoIEhEAAAAAAAAAAAAAAAAAAAA0rzi3UgrAAAAbiGkH0ZyZWUgVGhlb3JlbXMgaW4gdGgjMUVEQzFENS5wZGYAAAAAAAAAAAAAAAAAAAAAAAAAAAAAAAAAAAAAAAAAAAHtwdXWIl3uAAAAAAAAAAAAAgADAAAJIAAAAAAAAAAAAAAAAAAAAA1GcmVlIFRoZW9yZW1zAAAQAAgAANK81M0AAAARAAgAANYiT94AAAABABQAbiGkABbHdgAJXXYACV11AAYsowACAFpNYWNpbnRvc2ggSEQ6VXNlcnM6AGphYzoARG9jdW1lbnRzOgBQYXBlcnM6AEZyZWUgVGhlb3JlbXM6AEZyZWUgVGhlb3JlbXMgaW4gdGgjMUVEQzFENS5wZGYADgBSACgARgByAGUAZQAgAFQAaABlAG8AcgBlAG0AcwAgAGkAbgAgAHQAaABlACAAUAByAGUAcwBlAG4AYwBlACAAbwBmACAAcwBlAHEALgBwAGQAZgAPABoADABNAGEAYwBpAG4AdABvAHMAaAAgAEgARAASAFFVc2Vycy9qYWMvRG9jdW1lbnRzL1BhcGVycy9GcmVlIFRoZW9yZW1zL0ZyZWUgVGhlb3JlbXMgaW4gdGhlIFByZXNlbmNlIG9mIHNlcS5wZGYAABMAAS8AABUAAgAK//8AAIAG0hscHR5aJGNsYXNzbmFtZVgkY2xhc3Nlc11OU011dGFibGVEYXRhox0fIFZOU0RhdGFYTlNPYmplY3TSGxwiI1xOU0RpY3Rpb25hcnmiIiBfEA9OU0tleWVkQXJjaGl2ZXLRJidUcm9vdIABAAgAEQAaACMALQAyADcAQABGAE0AVQBgAGcAagBsAG4AcQBzAHUAdwCEAI4A1ADZAOEC9QL3AvwDBwMQAx4DIgMpAzIDNwNEA0cDWQNcA2EAAAAAAAACAQAAAAAAAAAoAAAAAAAAAAAAAAAAAAADYw==}
}

@article{swierstra2008data,
  title = {Data {{Types}} \`a La {{Carte}}},
  volume = {18},
  doi = {10.1017/S0956796808006758},
  number = {4},
  journal = {Journal of Functional Programming},
  author = {Swierstra, Wouter},
  year = {2008},
  pages = {423-436},
  publisher = {{Cambridge University Press}},
  location = {New York, NY, USA},
  bdsk-file-1 = {YnBsaXN0MDDUAQIDBAUGJCVYJHZlcnNpb25YJG9iamVjdHNZJGFyY2hpdmVyVCR0b3ASAAGGoKgHCBMUFRYaIVUkbnVsbNMJCgsMDxJXTlMua2V5c1pOUy5vYmplY3RzViRjbGFzc6INDoACgAOiEBGABIAFgAdccmVsYXRpdmVQYXRoWWFsaWFzRGF0YV8QMi4uLy4uL1BhcGVycy9EYXRhIFN0cnVjdHVyZXMvRGF0YVR5cGVzQUxhQ2FydGUucGRm0hcLGBlXTlMuZGF0YU8RAdIAAAAAAdIAAgAADE1hY2ludG9zaCBIRAAAAAAAAAAAAAAAAAAAANK84t1IKwAAAKjdYhVEYXRhVHlwZXNBTGFDYXJ0ZS5wZGYAAAAAAAAAAAAAAAAAAAAAAAAAAAAAAAAAAAAAAAAAAAAAAAAAAAAAAAAAqYCM1A/uGgAAAAAAAAAAAAIAAwAACSAAAAAAAAAAAAAAAAAAAAAPRGF0YSBTdHJ1Y3R1cmVzAAAQAAgAANK81M0AAAARAAgAANQP0foAAAABABQAqN1iABbHdgAJXXYACV11AAYsowACAFJNYWNpbnRvc2ggSEQ6VXNlcnM6AGphYzoARG9jdW1lbnRzOgBQYXBlcnM6AERhdGEgU3RydWN0dXJlczoARGF0YVR5cGVzQUxhQ2FydGUucGRmAA4ALAAVAEQAYQB0AGEAVAB5AHAAZQBzAEEATABhAEMAYQByAHQAZQAuAHAAZABmAA8AGgAMAE0AYQBjAGkAbgB0AG8AcwBoACAASABEABIAQFVzZXJzL2phYy9Eb2N1bWVudHMvUGFwZXJzL0RhdGEgU3RydWN0dXJlcy9EYXRhVHlwZXNBTGFDYXJ0ZS5wZGYAEwABLwAAFQACAAr//wAAgAbSGxwdHlokY2xhc3NuYW1lWCRjbGFzc2VzXU5TTXV0YWJsZURhdGGjHR8gVk5TRGF0YVhOU09iamVjdNIbHCIjXE5TRGljdGlvbmFyeaIiIF8QD05TS2V5ZWRBcmNoaXZlctEmJ1Ryb290gAEACAARABoAIwAtADIANwBAAEYATQBVAGAAZwBqAGwAbgBxAHMAdQB3AIQAjgDDAMgA0AKmAqgCrQK4AsECzwLTAtoC4wLoAvUC+AMKAw0DEgAAAAAAAAIBAAAAAAAAACgAAAAAAAAAAAAAAAAAAAMU}
}

@inproceedings{christiansen2008easycheck,
  address = {Berlin, Heidelberg},
  title = {{{EasyCheck}} --- {{Test Data}} for {{Free}}},
  booktitle = {Proceedings of the {{International Symposium}} on {{Functional}} and {{Logic Programming}}},
  publisher = {{Springer}},
  author = {Christiansen, Jan and Fischer, Sebastian},
  year = {2008},
  pages = {322--336},
  bdsk-file-1 = {YnBsaXN0MDDUAQIDBAUGJCVYJHZlcnNpb25YJG9iamVjdHNZJGFyY2hpdmVyVCR0b3ASAAGGoKgHCBMUFRYaIVUkbnVsbNMJCgsMDxJXTlMua2V5c1pOUy5vYmplY3RzViRjbGFzc6INDoACgAOiEBGABIAFgAdccmVsYXRpdmVQYXRoWWFsaWFzRGF0YV8QNy4uLy4uL1BhcGVycy9UZXN0aW5nL0Vhc3lDaGVjayAtIFRlc3QgRGF0YSBmb3IgRnJlZS5wZGbSFwsYGVdOUy5kYXRhTxEB7AAAAAAB7AACAAAMTWFjaW50b3NoIEhEAAAAAAAAAAAAAAAAAAAA0rzi3UgrAAAAqOwCH0Vhc3lDaGVjayAtIFRlc3QgRGEjMjMxRjYyMy5wZGYAAAAAAAAAAAAAAAAAAAAAAAAAAAAAAAAAAAAAAAAAAAIx9iPWvJlCUERGIAAAAAAAAgADAAAJIAAAAAAAAAAAAAAAAAAAAAdUZXN0aW5nAAAQAAgAANK81M0AAAARAAgAANa8izIAAAABABQAqOwCABbHdgAJXXYACV11AAYsowACAFRNYWNpbnRvc2ggSEQ6VXNlcnM6AGphYzoARG9jdW1lbnRzOgBQYXBlcnM6AFRlc3Rpbmc6AEVhc3lDaGVjayAtIFRlc3QgRGEjMjMxRjYyMy5wZGYADgBGACIARQBhAHMAeQBDAGgAZQBjAGsAIAAtACAAVABlAHMAdAAgAEQAYQB0AGEAIABmAG8AcgAgAEYAcgBlAGUALgBwAGQAZgAPABoADABNAGEAYwBpAG4AdABvAHMAaAAgAEgARAASAEVVc2Vycy9qYWMvRG9jdW1lbnRzL1BhcGVycy9UZXN0aW5nL0Vhc3lDaGVjayAtIFRlc3QgRGF0YSBmb3IgRnJlZS5wZGYAABMAAS8AABUAAgAK//8AAIAG0hscHR5aJGNsYXNzbmFtZVgkY2xhc3Nlc11OU011dGFibGVEYXRhox0fIFZOU0RhdGFYTlNPYmplY3TSGxwiI1xOU0RpY3Rpb25hcnmiIiBfEA9OU0tleWVkQXJjaGl2ZXLRJidUcm9vdIABAAgAEQAaACMALQAyADcAQABGAE0AVQBgAGcAagBsAG4AcQBzAHUAdwCEAI4AyADNANUCxQLHAswC1wLgAu4C8gL5AwIDBwMUAxcDKQMsAzEAAAAAAAACAQAAAAAAAAAoAAAAAAAAAAAAAAAAAAADMw==}
}

@inproceedings{brassel2011transforming,
  address = {Berlin, Heidelberg},
  title = {Transforming {{Functional Logic Programs}} into {{Monadic Functional Programs}}},
  doi = {10.1007/978-3-642-20775-4_2},
  booktitle = {Proceedings of the 19th {{International Workshop}} on {{Functional}} and {{Constraint Logic Programming}}},
  publisher = {{Springer}},
  author = {Bra\ss{}el, Bernd and Fischer, Sebastian and Hanus, Michael and Reck, Fabian},
  year = {2011},
  pages = {30-47},
  bdsk-file-1 = {YnBsaXN0MDDUAQIDBAUGJCVYJHZlcnNpb25YJG9iamVjdHNZJGFyY2hpdmVyVCR0b3ASAAGGoKgHCBMUFRYaIVUkbnVsbNMJCgsMDxJXTlMua2V5c1pOUy5vYmplY3RzViRjbGFzc6INDoACgAOiEBGABIAFgAdccmVsYXRpdmVQYXRoWWFsaWFzRGF0YV8QXi4uLy4uL1BhcGVycy9DdXJyeS9UcmFuc2Zvcm1pbmcgRnVuY3Rpb25hbCBMb2dpYyBQcm9ncmFtcyBpbnRvIE1vbmFkaWMgRnVuY3Rpb25hbCBQcm9ncmFtcy5wZGbSFwsYGVdOUy5kYXRhTxECYAAAAAACYAACAAAMTWFjaW50b3NoIEhEAAAAAAAAAAAAAAAAAAAA0rzi3UgrAAAAFsd6H1RyYW5zZm9ybWluZyBGdW5jdGkjMjFCRkQ3My5wZGYAAAAAAAAAAAAAAAAAAAAAAAAAAAAAAAAAAAAAAAAAAAIb/XPWkKKpUERGIAAAAAAAAgADAAAJIAAAAAAAAAAAAAAAAAAAAAVDdXJyeQAAEAAIAADSvNTNAAAAEQAIAADWkJSZAAAAAQAUABbHegAWx3YACV12AAlddQAGLKMAAgBSTWFjaW50b3NoIEhEOlVzZXJzOgBqYWM6AERvY3VtZW50czoAUGFwZXJzOgBDdXJyeToAVHJhbnNmb3JtaW5nIEZ1bmN0aSMyMUJGRDczLnBkZgAOAJgASwBUAHIAYQBuAHMAZgBvAHIAbQBpAG4AZwAgAEYAdQBuAGMAdABpAG8AbgBhAGwAIABMAG8AZwBpAGMAIABQAHIAbwBnAHIAYQBtAHMAIABpAG4AdABvACAATQBvAG4AYQBkAGkAYwAgAEYAdQBuAGMAdABpAG8AbgBhAGwAIABQAHIAbwBnAHIAYQBtAHMALgBwAGQAZgAPABoADABNAGEAYwBpAG4AdABvAHMAaAAgAEgARAASAGxVc2Vycy9qYWMvRG9jdW1lbnRzL1BhcGVycy9DdXJyeS9UcmFuc2Zvcm1pbmcgRnVuY3Rpb25hbCBMb2dpYyBQcm9ncmFtcyBpbnRvIE1vbmFkaWMgRnVuY3Rpb25hbCBQcm9ncmFtcy5wZGYAEwABLwAAFQACAAr//wAAgAbSGxwdHlokY2xhc3NuYW1lWCRjbGFzc2VzXU5TTXV0YWJsZURhdGGjHR8gVk5TRGF0YVhOU09iamVjdNIbHCIjXE5TRGljdGlvbmFyeaIiIF8QD05TS2V5ZWRBcmNoaXZlctEmJ1Ryb290gAEACAARABoAIwAtADIANwBAAEYATQBVAGAAZwBqAGwAbgBxAHMAdQB3AIQAjgDvAPQA/ANgA2IDZwNyA3sDiQONA5QDnQOiA68DsgPEA8cDzAAAAAAAAAIBAAAAAAAAACgAAAAAAAAAAAAAAAAAAAPO}
}

@inproceedings{dylus2018probabilistic,
  title = {Probabilistic {{Functional Logic Programming}}},
  doi = {10.1007/978-3-319-73305-0},
  booktitle = {Practical {{Aspects}} of {{Declarative Languages}}},
  publisher = {{Springer International Publishing}},
  author = {Dylus, Sandra and Christiansen, Jan and Teegen, Finn},
  year = {2018},
  pages = {3-19},
  bdsk-file-1 = {YnBsaXN0MDDUAQIDBAUGJCVYJHZlcnNpb25YJG9iamVjdHNZJGFyY2hpdmVyVCR0b3ASAAGGoKgHCBMUFRYaIVUkbnVsbNMJCgsMDxJXTlMua2V5c1pOUy5vYmplY3RzViRjbGFzc6INDoACgAOiEBGABIAFgAdccmVsYXRpdmVQYXRoWWFsaWFzRGF0YV8QWC4uLy4uL1BhcGVycy9GdW5jdGlvbmFsIExvZ2ljIFByb2dyYW1taW5nL1Byb2JhYmlsaXN0aWMgRnVuY3Rpb25hbCBMb2dpYyBQcm9ncmFtbWluZy5wZGbSFwsYGVdOUy5kYXRhTxECTgAAAAACTgACAAAMTWFjaW50b3NoIEhEAAAAAAAAAAAAAAAAAAAA0rzi3UgrAAACJsASH1Byb2JhYmlsaXN0aWMgRnVuY3QjMjI2QkZGNy5wZGYAAAAAAAAAAAAAAAAAAAAAAAAAAAAAAAAAAAAAAAAAAAImv/fWm3heUERGIAAAAAAAAgADAAAJIAAAAAAAAAAAAAAAAAAAABxGdW5jdGlvbmFsIExvZ2ljIFByb2dyYW1taW5nABAACAAA0rzUzQAAABEACAAA1ptqTgAAAAEAFAImwBIAFsd2AAlddgAJXXUABiyjAAIAaU1hY2ludG9zaCBIRDpVc2VyczoAamFjOgBEb2N1bWVudHM6AFBhcGVyczoARnVuY3Rpb25hbCBMb2dpYyBQcm9ncmFtbWluZzoAUHJvYmFiaWxpc3RpYyBGdW5jdCMyMjZCRkY3LnBkZgAADgBeAC4AUAByAG8AYgBhAGIAaQBsAGkAcwB0AGkAYwAgAEYAdQBuAGMAdABpAG8AbgBhAGwAIABMAG8AZwBpAGMAIABQAHIAbwBnAHIAYQBtAG0AaQBuAGcALgBwAGQAZgAPABoADABNAGEAYwBpAG4AdABvAHMAaAAgAEgARAASAGZVc2Vycy9qYWMvRG9jdW1lbnRzL1BhcGVycy9GdW5jdGlvbmFsIExvZ2ljIFByb2dyYW1taW5nL1Byb2JhYmlsaXN0aWMgRnVuY3Rpb25hbCBMb2dpYyBQcm9ncmFtbWluZy5wZGYAEwABLwAAFQACAAr//wAAgAbSGxwdHlokY2xhc3NuYW1lWCRjbGFzc2VzXU5TTXV0YWJsZURhdGGjHR8gVk5TRGF0YVhOU09iamVjdNIbHCIjXE5TRGljdGlvbmFyeaIiIF8QD05TS2V5ZWRBcmNoaXZlctEmJ1Ryb290gAEACAARABoAIwAtADIANwBAAEYATQBVAGAAZwBqAGwAbgBxAHMAdQB3AIQAjgDpAO4A9gNIA0oDTwNaA2MDcQN1A3wDhQOKA5cDmgOsA68DtAAAAAAAAAIBAAAAAAAAACgAAAAAAAAAAAAAAAAAAAO2}
}

@inproceedings{svenningsson2002shortcut,
  title = {Shortcut {{Fusion}} for {{Accumulating Parameters}} \& {{Zip}}-like {{Functions}}},
  doi = {10.1145/581478.581491},
  booktitle = {Proceedings of the 7th {{ACM SIGPLAN International Conference}} on {{Functional Programming}}},
  publisher = {{ACM}},
  author = {Svenningsson, Josef},
  year = {2002},
  pages = {124-132},
  bdsk-file-1 = {YnBsaXN0MDDUAQIDBAUGJCVYJHZlcnNpb25YJG9iamVjdHNZJGFyY2hpdmVyVCR0b3ASAAGGoKgHCBMUFRYaIVUkbnVsbNMJCgsMDxJXTlMua2V5c1pOUy5vYmplY3RzViRjbGFzc6INDoACgAOiEBGABIAFgAdccmVsYXRpdmVQYXRoWWFsaWFzRGF0YV8QaS4uLy4uL1BhcGVycy9Qcm9ncmFtIFRyYW5zZm9ybWF0aW9ucy9TaG9ydGN1dCBGdXNpb24gZm9yIEFjY3VtdWxhdGluZyBQYXJhbWV0ZXJzICYgWmlwLWxpa2UgRnVuY3Rpb25zLnBkZtIXCxgZV05TLmRhdGFPEQKCAAAAAAKCAAIAAAxNYWNpbnRvc2ggSEQAAAAAAAAAAAAAAAAAAADSvOLdSCsAAAIYqFsfU2hvcnRjdXQgRnVzaW9uIGZvciMyMThBODQzLnBkZgAAAAAAAAAAAAAAAAAAAAAAAAAAAAAAAAAAAAAAAAAAAhioQ9aLlfNQREYgAAAAAAACAAMAAAkgAAAAAAAAAAAAAAAAAAAAF1Byb2dyYW0gVHJhbnNmb3JtYXRpb25zAAAQAAgAANK81M0AAAARAAgAANaLh+MAAAABABQCGKhbABbHdgAJXXYACV11AAYsowACAGRNYWNpbnRvc2ggSEQ6VXNlcnM6AGphYzoARG9jdW1lbnRzOgBQYXBlcnM6AFByb2dyYW0gVHJhbnNmb3JtYXRpb25zOgBTaG9ydGN1dCBGdXNpb24gZm9yIzIxOEE4NDMucGRmAA4AigBEAFMAaABvAHIAdABjAHUAdAAgAEYAdQBzAGkAbwBuACAAZgBvAHIAIABBAGMAYwB1AG0AdQBsAGEAdABpAG4AZwAgAFAAYQByAGEAbQBlAHQAZQByAHMAIAAmACAAWgBpAHAALQBsAGkAawBlACAARgB1AG4AYwB0AGkAbwBuAHMALgBwAGQAZgAPABoADABNAGEAYwBpAG4AdABvAHMAaAAgAEgARAASAHdVc2Vycy9qYWMvRG9jdW1lbnRzL1BhcGVycy9Qcm9ncmFtIFRyYW5zZm9ybWF0aW9ucy9TaG9ydGN1dCBGdXNpb24gZm9yIEFjY3VtdWxhdGluZyBQYXJhbWV0ZXJzICYgWmlwLWxpa2UgRnVuY3Rpb25zLnBkZgAAEwABLwAAFQACAAr//wAAgAbSGxwdHlokY2xhc3NuYW1lWCRjbGFzc2VzXU5TTXV0YWJsZURhdGGjHR8gVk5TRGF0YVhOU09iamVjdNIbHCIjXE5TRGljdGlvbmFyeaIiIF8QD05TS2V5ZWRBcmNoaXZlctEmJ1Ryb290gAEACAARABoAIwAtADIANwBAAEYATQBVAGAAZwBqAGwAbgBxAHMAdQB3AIQAjgD6AP8BBwONA48DlAOfA6gDtgO6A8EDygPPA9wD3wPxA/QD+QAAAAAAAAIBAAAAAAAAACgAAAAAAAAAAAAAAAAAAAP7}
}

@inproceedings{wadler1985replace,
  address = {New York, NY, USA},
  title = {How to {{Replace Failure}} by a {{List}} of {{Successes}}},
  booktitle = {Proceedings of the {{International Conference}} on {{Functional Programming Languages}} and {{Computer Architecture}}},
  publisher = {{ACM}},
  author = {Wadler, Philip},
  year = {1985},
  pages = {113-128},
  bdsk-file-1 = {YnBsaXN0MDDUAQIDBAUGJCVYJHZlcnNpb25YJG9iamVjdHNZJGFyY2hpdmVyVCR0b3ASAAGGoKgHCBMUFRYaIVUkbnVsbNMJCgsMDxJXTlMua2V5c1pOUy5vYmplY3RzViRjbGFzc6INDoACgAOiEBGABIAFgAdccmVsYXRpdmVQYXRoWWFsaWFzRGF0YV8QTi4uLy4uL1BhcGVycy9Ob24tRGV0ZXJtaW5pc20vSG93IHRvIHJlcGxhY2UgZmFpbHVyZSBieSBhIGxpc3Qgb2Ygc3VjY2Vzc2VzLnBkZtIXCxgZV05TLmRhdGFPEQIwAAAAAAIwAAIAAAxNYWNpbnRvc2ggSEQAAAAAAAAAAAAAAAAAAADSvOLdSCsAAAImrNofSG93IHRvIHJlcGxhY2UgZmFpbCMyMjZBQ0I5LnBkZgAAAAAAAAAAAAAAAAAAAAAAAAAAAAAAAAAAAAAAAAAAAiasudaaXN9QREYgAAAAAAACAAMAAAkgAAAAAAAAAAAAAAAAAAAAD05vbi1EZXRlcm1pbmlzbQAAEAAIAADSvNTNAAAAEQAIAADWmk7PAAAAAQAUAias2gAWx3YACV12AAlddQAGLKMAAgBcTWFjaW50b3NoIEhEOlVzZXJzOgBqYWM6AERvY3VtZW50czoAUGFwZXJzOgBOb24tRGV0ZXJtaW5pc206AEhvdyB0byByZXBsYWNlIGZhaWwjMjI2QUNCOS5wZGYADgBkADEASABvAHcAIAB0AG8AIAByAGUAcABsAGEAYwBlACAAZgBhAGkAbAB1AHIAZQAgAGIAeQAgAGEAIABsAGkAcwB0ACAAbwBmACAAcwB1AGMAYwBlAHMAcwBlAHMALgBwAGQAZgAPABoADABNAGEAYwBpAG4AdABvAHMAaAAgAEgARAASAFxVc2Vycy9qYWMvRG9jdW1lbnRzL1BhcGVycy9Ob24tRGV0ZXJtaW5pc20vSG93IHRvIHJlcGxhY2UgZmFpbHVyZSBieSBhIGxpc3Qgb2Ygc3VjY2Vzc2VzLnBkZgATAAEvAAAVAAIACv//AACABtIbHB0eWiRjbGFzc25hbWVYJGNsYXNzZXNdTlNNdXRhYmxlRGF0YaMdHyBWTlNEYXRhWE5TT2JqZWN00hscIiNcTlNEaWN0aW9uYXJ5oiIgXxAPTlNLZXllZEFyY2hpdmVy0SYnVHJvb3SAAQAIABEAGgAjAC0AMgA3AEAARgBNAFUAYABnAGoAbABuAHEAcwB1AHcAhACOAN8A5ADsAyADIgMnAzIDOwNJA00DVANdA2IDbwNyA4QDhwOMAAAAAAAAAgEAAAAAAAAAKAAAAAAAAAAAAAAAAAAAA44=}
}

@inproceedings{spector-zabusky2018totala,
  address = {New York, NY, USA},
  series = {{{CPP}} 2018},
  title = {Total {{Haskell}} Is {{Reasonable Coq}}},
  isbn = {978-1-4503-5586-5},
  doi = {10.1145/3167092},
  abstract = {We would like to use the Coq proof assistant to mechanically verify properties of Haskell programs. To that end, we present a tool, named $<$tt$>$hs-to-coq$<$/tt$>$, that translates total Haskell programs into Coq programs via a shallow embedding. We apply our tool in three case studies \textendash{} a lawful $<$tt$>$Monad$<$/tt$>$ instance, ``Hutton's razor'', and an existing data structure library \textendash{} and prove their correctness. These examples show that this approach is viable: both that $<$tt$>$hs-to-coq$<$/tt$>$ applies to existing Haskell code, and that the output it produces is amenable to verification.},
  booktitle = {Proceedings of the 7th {{ACM SIGPLAN International Conference}} on {{Certified Programs}} and {{Proofs}}},
  publisher = {{ACM}},
  author = {{Spector-Zabusky}, Antal and Breitner, Joachim and Rizkallah, Christine and Weirich, Stephanie},
  year = {2018},
  keywords = {Haskell,Coq,verification},
  pages = {14--27},
  file = {/Users/sad/Zotero/storage/Z5QLKAF6/Spector-Zabusky et al. - 2018 - Total Haskell is Reasonable Coq.pdf}
}

@article{breitner2018readyX,
  archivePrefix = {arXiv},
  eprinttype = {arxiv},
  eprint = {1803.06960},
  primaryClass = {cs},
  title = {Ready, {{Set}}, {{Verify}}! {{Applying}} Hs-to-Coq to Real-World {{Haskell}} Code},
  abstract = {Good tools can bring mechanical verification to programs written in mainstream functional languages. We use hs-to-coq to translate significant portions of Haskell's containers library into Coq, and verify it against specifications that we derive from a variety of sources including type class laws, the library's test suite, and interfaces from Coq's standard library. Our work shows that it is feasible to verify mature, widely-used, highly optimized, and unmodified Haskell code. We also learn more about the theory of weight-balanced trees, extend hs-to-coq to handle partiality, and -- since we found no bugs -- attest to the superb quality of well-tested functional code.},
  journal = {arXiv:1803.06960 [cs]},
  author = {Breitner, Joachim and {Spector-Zabusky}, Antal and Li, Yao and Rizkallah, Christine and Wiegley, John and Weirich, Stephanie},
  month = mar,
  year = {2018},
  keywords = {Computer Science - Programming Languages},
  file = {/Users/sad/Zotero/storage/TUFXYDL4/Breitner et al. - 2018 - Ready, Set, Verify! Applying hs-to-coq to real-wor.pdf;/Users/sad/Zotero/storage/DFTVZJDH/1803.html}
}

@misc{goodman2014design,
  title = {The {{Design}} and {{Implementation}} of {{Probabilistic Programming Languages}}},
  howpublished = {http://dippl.org},
  author = {Goodman, Noah D. and Stuhlm\"uller, Andreas},
  year = {2014}
}

@inproceedings{gordon2014probabilistic,
  address = {Hyderabad, India},
  series = {{{FOSE}} '14},
  title = {Probabilistic {{Programming}}},
  doi = {10.1145/2593882.2593900},
  booktitle = {Proceedings of the on {{Future}} of {{Software Engineering}}},
  publisher = {{ACM}},
  author = {Gordon, Andrew D. and Henzinger, Thomas A. and Nori, Aditya V. and Rajamani, Sriram K.},
  year = {2014},
  pages = {167--181}
}

@article{PAKCS,
  title = {{{PAKCS}}: {{The Portland Aachen Kiel Curry System}}},
  author = {Hanus (ed.), M.},
  year = {2017},
  howpublished = {Available at http://www.informatik.uni-kiel.de/∼pakcs/}
}

@article{antoy2005evaluation,
  title = {Evaluation {{Strategies}} for {{Functional Logic Programming}}},
  volume = {40},
  number = {1},
  journal = {Journal of Symbolic Computation},
  author = {Antoy, Sergio},
  year = {2005}
}

@inproceedings{runciman2008smallcheck,
  address = {Victoria, BC, Canada},
  series = {Haskell '08},
  title = {{{SmallCheck}} and {{Lazy SmallCheck}}: {{Automatic Exhaustive Testing}} for {{Small Values}}},
  doi = {10.1145/1411286.1411292},
  booktitle = {Proceedings of the {{First ACM SIGPLAN Symposium}} on {{Haskell}}},
  publisher = {{ACM}},
  author = {Runciman, Colin and Naylor, Matthew and Lindblad, Fredrik},
  year = {2008},
  pages = {37--48}
}

@article{brassel2004encapsulating,
  title = {Encapsulating {{Non}}-{{Determinism}} in {{Functional Logic Computations}}},
  volume = {2004},
  number = {6},
  journal = {Journal of Functional and Logic Programming},
  author = {Bra\ss{}el, Bernd and Hanus, Michael and Huch, Frank},
  year = {2004}
}

@inproceedings{mccallum2009factorie,
  address = {Vancouver, British Columbia, Canada},
  title = {{{FACTORIE}}: {{Probabilistic Programming}} via {{Imperatively Defined Factor Graphs}}},
  booktitle = {Proceedings of the {{International Conference}} on {{Neural Information Processing Systems}}},
  author = {McCallum, Andrew and Schultz, Karl and Singh, Sameer},
  year = {2009}
}

@article{deraedt2013probabilistic,
  title = {Probabilistic {{Programming Concepts}}},
  journal = {arXiv:1312.4328 (preprint)},
  author = {De Raedt, Luc and Kimmig, Angelika},
  year = {2013}
}

@article{erwig2006functional,
  title = {Functional {{Pearls}}: {{Probabilistic Functional Programming}} in {{Haskell}}},
  volume = {16},
  number = {1},
  journal = {Journal of Functional Programming},
  author = {Erwig, Martin and Kollmansberger, Steve},
  year = {2006}
}

@inproceedings{scibior2015practical,
  address = {Vancouver, BC, Canada},
  series = {Haskell '15},
  title = {Practical {{Probabilistic Programming}} with {{Monads}}},
  doi = {10.1145/2804302.2804317},
  booktitle = {Proceedings of the 2015 {{ACM SIGPLAN Symposium}} on {{Haskell}}},
  publisher = {{ACM}},
  author = {\'Scibior, Adam and Ghahramani, Zoubin and Gordon, Andrew D.},
  year = {2015},
  pages = {165--176}
}

@article{antoy2010functional,
  title = {Functional {{Logic Programming}}},
  volume = {53},
  number = {4},
  journal = {Communications of the ACM},
  author = {Antoy, Sergio and Hanus, Michael},
  year = {2010},
  pages = {74-85}
}

@inproceedings{wood2014new,
  address = {Reykjavik, Iceland},
  series = {Proceedings of {{Machine Learning Research}}},
  title = {A New {{Approach}} to {{Probabilistic Programming Inference}}},
  booktitle = {Proceedings of the {{Seventeenth International Conference}} on {{Artificial Intelligence}} and {{Statistics}}},
  publisher = {{PMLR}},
  author = {Wood, Frank and Meent, Jan Willem and Mansinghka, Vikash},
  year = {2014},
  pages = {1024--1032}
}

@article{varacca2006distributing,
  title = {Distributing {{Probability}} over {{Non}}-Determinism},
  volume = {16},
  doi = {10.1017/S0960129505005074},
  author = {Varacca, Daniele and Winskel, Glynn},
  month = feb,
  year = {2006},
  pages = {87--113}
}

@article{swift2012xsb,
  title = {{{XSB}}: {{Extending Prolog}} with {{Tabled Logic Programming}}},
  volume = {12},
  doi = {10.1017/S1471068411000500},
  author = {Swift, Terrance and Warren, David S.},
  year = {2012},
  pages = {157--187}
}

@inproceedings{lopez-fraguas2007simple,
  address = {Wroclaw, Poland},
  series = {{{PPDP}} '07},
  title = {A {{Simple Rewrite Notion}} for {{Call}}-Time {{Choice Semantics}}},
  doi = {10.1145/1273920.1273947},
  booktitle = {Proceedings of the 9th {{ACM SIGPLAN International Conference}} on {{Principles}} and {{Practice}} of {{Declarative Programming}}},
  publisher = {{ACM}},
  author = {{L$\backslash$'\{o\}pez-Fraguas}, Fracisco J. and {Rodr$\backslash$'\{$\backslash$i\}guez-Hortal$\backslash$'\{a\}}, Juan and {S$\backslash$'\{a\}nchez-Hern$\backslash$'\{a\}ndez}, Jaime},
  year = {2007},
  keywords = {call-time choice},
  pages = {197--208}
}

@article{hussmann1992nondeterministic,
  title = {Nondeterministic {{Algebraic Specifications}} and {{Nonconfluent Term Rewriting}}},
  volume = {12},
  doi = {0.1016/0743-1066(92)90026-Y},
  author = {Hussmann, Heinrich},
  year = {1992},
  keywords = {call-time choice},
  pages = {237 -- 255}
}

@article{kimmig2011implementation,
  title = {On the {{Implementation}} of the {{Probabilistic Logic Programming Language ProbLog}}},
  volume = {11},
  doi = {10.1017/S1471068410000566},
  author = {Kimmig, Angelika and Demoen, Bart and De Raedt, Luc and Costa, V$\backslash$\textasciiacute\{i\}tor Santos and Rocha, Ricardo},
  year = {2011},
  pages = {235 -- 262}
}

@inproceedings{christiansen2011adequate,
  address = {Madrid, Spain},
  series = {{{LNCS}}},
  title = {An {{Adequate}}, {{Denotational}}, {{Functional}}-{{Style Semantics}} for {{Typed FlatCurry}}},
  doi = {10.1007/978-3-642-20775-4_7},
  booktitle = {Proceedings of the 19th {{International Workshop}} on {{Functional}} and ({{Constraint}}) {{Logic Programming}}},
  publisher = {{Springer-Verlag}},
  author = {Christiansen, Jan and Seidel, Daniel and Voigtl\"ander, Janis},
  year = {2011}
}

@inproceedings{pirog2018syntax,
  address = {Oxford, United Kingdom},
  series = {{{LICS}} '18},
  title = {Syntax and {{Semantics}} for {{Operations}} with {{Scopes}}},
  isbn = {978-1-4503-5583-4},
  doi = {10.1145/3209108.3209166},
  booktitle = {Proceedings of the 33rd {{Annual ACM}}/{{IEEE Symposium}} on {{Logic}} in {{Computer Science}}},
  publisher = {{ACM}},
  author = {Pir\'og, Maciej and Schrijvers, Tom and Wu, Nicolas and Jaskelioff, Mauro},
  year = {2018},
  keywords = {effect handler,free monad,algebraic effects},
  pages = {809-818}
}

@inproceedings{wu2014effect,
  address = {Gothenburg, Sweden},
  series = {Haskell '14},
  title = {Effect {{Handlers}} in {{Scope}}},
  isbn = {978-1-4503-3041-1},
  doi = {10.1145/2633357.2633358},
  booktitle = {Proceedings of the 2014 {{ACM SIGPLAN Symposium}} on {{Haskell}}},
  publisher = {{ACM}},
  author = {Wu, Nicolas and Schrijvers, Tom and Hinze, Ralf},
  year = {2014},
  keywords = {monads,Haskell,modularity,effect handlers,semantics,syntax},
  pages = {1-12}
}

@incollection{nogatz2018chr,
  title = {{{CHR}}.Js: {{A CHR Implementation}} in {{JavaScript}}},
  booktitle = {Rules and {{Reasoning}}},
  publisher = {{Springer}},
  author = {Nogatz, Falco and Fr\"uhwirth, Thom and Seipel, Dietmar},
  year = {2018},
  pages = {131--146}
}

@article{breitner2018ready,
  title = {Ready, {{Set}}, {{Verify}}! {{Applying Hs}}-to-Coq to {{Real}}-World {{Haskell Code}} ({{Experience Report}})},
  doi = {10.1145/3236784},
  number = {ICFP},
  journal = {Proceedings of the ACM on Programming Languages},
  author = {Breitner, Joachim and {Spector-Zabusky}, Antal and Li, Yao and Rizkallah, Christine and Wiegley, John and Weirich, Stephanie},
  year = {2018},
  keywords = {Haskell,Coq,verification},
  pages = {89:1-89:16}
}

@inproceedings{mcbride2015turingcompleteness,
  title = {Turing-{{Completeness Totally Free}}},
  doi = {10.1007/978-3-319-19797-5_13},
  abstract = {In this paper, I show that general recursive definitions can be represented in the free monad which supports the ‘effect' of making a recursive call, without saying how these calls should be executed. Diverse semantics can be given within a total framework by suitable monad morphisms. The Bove-Capretta construction of the domain of a general recursive function can be presented datatype-generically as an instance of this technique. The paper is literate Agda, but its key ideas are more broadly transferable.},
  booktitle = {Mathematics of {{Program Construction}}},
  publisher = {{Springer International Publishing}},
  author = {McBride, Conor},
  year = {2015},
  pages = {257-275}
}

@inproceedings{letan2018modular,
  title = {Modular {{Verification}} of {{Programs}} with {{Effects}} and {{Effect Handlers}} in {{Coq}}},
  doi = {10.1007/978-3-319-95582-7_20},
  abstract = {Modern computing systems have grown in complexity, and the attack surface has increased accordingly. Even though system components are generally carefully designed and even verified by different groups of people, the composition of these components is often regarded with less attention. This paves the way for ``architectural attacks'', a class of security vulnerabilities where the attacker is able to threaten the security of the system even if each of its components continues to act as expected. In this article, we introduce FreeSpec, a formalism built upon the key idea that components can be modelled as programs with algebraic effects to be realized by other components. FreeSpec allows for the modular modelling of a complex system, by defining idealized components connected together, and the modular verification of the properties of their composition. In addition, we have implemented a framework for the Coq proof assistant based on FreeSpec.},
  booktitle = {Formal {{Methods}}},
  publisher = {{Springer International Publishing}},
  author = {Letan, Thomas and {R\'egis-Gianas}, Yann and Chifflier, Pierre and Hiet, Guillaume},
  year = {2018},
  pages = {338-354}
}

@article{koh2018interaction,
  archivePrefix = {arXiv},
  eprinttype = {arxiv},
  eprint = {1811.11911},
  primaryClass = {cs.PL},
  title = {From {{C}} to {{Interaction Trees}}:  {{Specifying}}, {{Verifying}}, and {{Testing}} a {{Networked Server}}},
  doi = {10.1145/3293880.3294106},
  journal = {arXiv:1811.11911 [cs.PL]},
  author = {Koh, Niclas and Li, Yao and Li, Yishuai and Xia, Li-yao and Beringer, Lennart and Honor\'e, Wolf and Mansky, William and Pierce, Benjamin C. and Zdancewic, Steve},
  month = nov,
  year = {2018}
}

@article{atkey2015interleaving,
  title = {Interleaving Data and Effects},
  volume = {25},
  doi = {10.1017/S0956796815000209},
  journal = {Journal of Functional Programming},
  author = {Atkey, Robert and Johann, Patricia},
  year = {2015}
}

@misc{dylus2018ichistmeinname,
  title = {Ichistmeinname/Free-Proving: {{Revised Submission}} To},
  author = {Dylus, Sandra},
  month = dec,
  year = {2018}
}

@inproceedings{christiansen2016all,
  series = {{{ICFP}} 2016},
  title = {All {{Sorts}} of {{Permutations}} ({{Functional Pearl}})},
  isbn = {978-1-4503-4219-3},
  doi = {10.1145/2951913.2951949},
  booktitle = {Proceedings of the 21st {{ACM SIGPLAN International Conference}} on {{Functional Programming}}},
  publisher = {{ACM}},
  author = {Christiansen, Jan and Danilenko, Nikita and Dylus, Sandra},
  year = {2016},
  keywords = {free theorems,monads,Haskell,non-determinism,permutation,sorting},
  pages = {168-179}
}


